2752 4844
653 419 716 485 155

133 593 336 677 pervenerint
362 639 439 657 .....
471 599 508 657 61
528 613 654 677 usque
677 592 716 656 in
738 590 840 658 diem
869 593 1105 658 nativitatis
1127 606 1235 658 me'ae

135 696 222 759 culta
250 718 332 779 quae
359 694 481 761 dudum
511 697 637 761 fuerant
666 696 700 761 in
726 694 928 762 solitudinem
962 695 1094 761 redacta
1123 697 1233 760 sunt“.

135 797 226 864 Alibi
236 800 292 882 364)
308 822 385 866 vero
408 799 687 885 comprobabimus
696 798 851 866 Ethioum
869 821 934 864 non
948 807 1023 886 post
1038 822 1153 865 annum
1169 799 1235 868 300

133 909 244 968 natum
264 903 371 970 finisse.
484 914 488 919 “

223 1003 361 1072 Constat
390 1012 496 1070 autem
524 1000 675 1094 vergente
703 1007 829 1072 saeculo
859 1006 999 1094 secundo
1027 1005 1115 1072 haud
1140 1004 1236 1073 semel

136 1108 302 1177 Sarmatas
323 1117 419 1193 atque
440 1108 658 1197 lazygesrs),
679 1132 744 1175 non
765 1110 799 1174 in
820 1109 979 1177 Histriam
1000 1109 1074 1176 dieo
1088 1096 1130 1174 'et
1149 1109 1236 1173 Pan-

134 1213 281 1297 noniam,
303 1211 362 1279 sed
384 1212 418 1276 in
438 1212 566 1277 Italiam
587 1212 689 1299 ipsam
713 1213 903 1298 pervenisse.
949 1210 1051 1279 Cuius
1071 1213 1118 1278 rei
1140 1212 1236 1277 vesti-

135 1315 234 1403 gium,
255 1316 289 1381 ni
309 1315 448 1382 fallimur
468 1315 617 1402 primum,
639 1315 755 1381 Marco
773 1315 906 1382 Aurelio
927 1316 1103 1402 imperante
1124 1336 1237 1381 occur·

135 1420 188 1502 rit,
211 1442 274 1504 quo
295 1422 503 1506 tempore³⁶⁰l
519 1443 584 1485 una
602 1443 675 1485 cum
690 1418 940 1501 Marcomannis,
956 1416 1093 1503 Quadis,
1108 1417 1237 1495 Chattis

136 1522 270 1608 aliisque
295 1523 445 1612 gentibus
465 1523 602 1589 etiam
638 1522 863 1606 Sarmatae,
903 1522 1005 1588 limite
1030 1523 1156 1609 imperii
1184 1544 1237 1588 su·

135 1635 264 1712 perata,
301 1628 472 1694 Rhaetiam
506 1627 676 1692 intrantes-
696 1650 797 1712 usque
827 1628 871 1693 ad
899 1626 1082 1711 Aquileiam
1108 1647 1238 1713 proces-

136 1732 291 1813 sere³⁶⁷);
320 1749 354 1796 et
380 1732 487 1817 paullo
503 1739 606 1816 post,
633 1730 747 1797 iisdem
769 1730 919 1819 gentibus
941 1753 1015 1796 cum
1037 1730 1107 1797 aliis
1129 1729 1238 1795 multis

135 1831 362 1898 rebellantibus
372 1836 440 1916 ³⁶⁸),
462 1834 496 1896 in
518 1832 712 1898 deditionem
735 1835 877 1918 acceptis
899 1833 1079 1919 Imperator
1099 1856 1163 1898 non
1186 1855 1238 1897 so-

135 1934 257 1998 lumin
272 1934 388 2017 Dacia,
409 1934 587 2018 Pannonia,
609 1935 736 2000 Moesia
754 1944 787 2000 et
801 1935 986 2018 Germania,
1008 1959 1119 2001 verum
1141 1936 1237 2000 etiam
1344 2016 1349 2028 Ι

136 2036 170 2100 111
191 2035 288 2121 ¹Italia
308 2037 379 2123 ipsa
401 2060 439 2103 ac
461 2037 634 2103 Ravennae
657 2037 749 2103 sedes
771 2038 929 2104 concessit
943 2039 1010 2121 ³⁶⁹).
1055 2038 1136 2104 Post
1158 2038 1238 2103 haec

208 2248 276 2313 364)
296 2253 341 2302 611.
360 2254 427 2302 infra
444 2268 500 2318 cap.
512 2253 557 2304 III.
576 2269 599 2303 a.
618 2254 702 2303 finem.

207 2335 276 2399 365)
294 2340 336 2389 De
353 2341 463 2404 antiquis
481 2340 583 2390 sedibus
601 2340 773 2392 Sarmatarum
791 2348 817 2390 et
835 2341 963 2403 quomodo
981 2340 1069 2404 primis
1086 2327 1162 2389 aerae
1179 2354 1238 2389 nos-

137 2432 191 2474 trae
208 2425 316 2474 saeculis
334 2426 397 2476 fines
414 2427 609 2490 propagaverint
626 2427 671 2476 cfr.
689 2426 816 2487 Niebuhr,
839 2427 931 2475 Kleine
949 2423 1077 2475 Schriften
1093 2425 1119 2485 1,
1142 2440 1168 2488 p.
1187 2423 1238 2473 392

137 2509 237 2560 -396,
273 2512 339 2561 Vide
362 2513 438 2561 etiam
460 2513 543 2561 Taciti
564 2513 658 2562 Annal.
676 2512 740 2573 XII,
765 2509 901 2572 29;·Plin.
920 2511 953 2560 Η.
971 2512 1029 2561 Nat
1047 2511 1093 2571 IV,
1111 2525 1167 2572 cap.
1180 2511 1238 2571 XII,

137 2605 199 2648 sect.
211 2598 258 2660 253
277 2597 380 2648 Arriani
395 2598 494 2662 Exped.
507 2599 583 2648 Alex.
595 2598 616 2659 1,
630 2595 654 2647 3.
667 2605 706 2648 et:
724 2597 813 2658 Ulrert,
831 2596 992 2661 Geographie
1009 2599 1054 2648 der
1067 2597 1194 2648 Gricchen
1212 2612 1238 2646 u.

137 2687 240 2747 Rb'mer,
257 2693 320 2736 tom.
332 2685 378 2745 111,
396 2692 461 2749 part
472 2685 506 2735 11.
525 2672 649 2749 paglsao
663 2699 718 2748 sqq.
737 2691 763 2734 et
779 2698 838 2748 pag.
851 2681 911 2734 429.

208 2768 276 2832 366)
295 2786 363 2821 anno
381 2772 478 2822 scilicet
494 2788 520 2836 p.
539 2771 599 2822 Chr.
616 2787 641 2822 n.
662 2769 719 2820 168.
951 2835 954 2840 ⁸

209 2853 275 2918 367)
295 2858 340 2907 cfr.
364 2848 490 2919 Niebuhr,
519 2857 646 2921 Vortr'age
669 2858 733 2908 iiber
753 2856 890 2907 Rbmische
912 2853 1078 2917 Geschichte,
1109 2861 1171 2904 tom.
1193 2854 1238 2904 ΠΙ.

137 2943 225 2992 Berlin
250 2941 330 3004 1848,
358 2938 395 2991 8⁰.
431 2959 489 3007 pag.
506 2942 567 2993 241.
591 2973 625 2982 -
649 2944 715 2994 Vide
739 2944 816 2993 etiam
839 2942 967 2990 Ammian.
985 2941 1124 2990 Marcellin.
1142 2941 1239 3001 XXIX,

138 3044 194 3090 cap.
207 3029 253 3090 VI,
269 3028 297 3076 1:
320 3027 487 3089 „Quadorum
504 3030 573 3078 natio
591 3036 664 3079 motu
681 3036 720 3078 est
737 3028 821 3077 excita
837 3027 978 3090 repentino,
989 3022 1086 3089 *parum
1103 3041 1171 3075 nunc
1189 3027 1239 3075 for-

138 3114 269 3175 midanda,
288 3114 333 3162 sed
351 3114 504 3163 immensum
522 3100 644 3177 quantum
660 3113 767 3162 antehac
783 3112 901 3161 bellatrix
918 3118 944 3160 et
960 3118 1065 3174 potens,
1083 3118 1112 3160 ut
1128 3108 1241 3161 indicant

138 3205 289 3262 perpetrata,
308 3199 428 3261 quoniam
444 3199 537 3262 raptim
552 3200 682 3262 proclivia,
703 3199 858 3261 obsessaque
876 3197 907 3246 ab
925 3197 1016 3246 iisdem
1033 3211 1064 3246 ac
1081 3196 1240 3247 Marcoman·

138 3284 178 3333 nis
196 3283 328 3347 Aquileia,
352 3283 561 3349 Opitergiumque
584 3285 710 3347 excisum,
733 3292 759 3334 61
776 3290 880 3334 cruenta
897 3282 1027 3345 complura
1043 3282 1166 3347 perceleri
1183 3289 1241 3333 acta

138 3371 284 3435 procinctu:
303 3371 347 3421 rix
364 3371 497 3427 resistente
513 3372 640 3435 perruptis
652 3371 761 3435 Alpibus
773 3370 843 3420 Iuliis
860 3370 978 3433 Principe
996 3369 1071 3430 serio,
1089 3383 1165 3432 quem
1181 3376 1240 3419 ante

139 3458 280 3519 docuimus,
297 3457 393 3508 Marco.
611 3468 615 3472 ·

210 3540 277 3604 ass)
296 3543 342 3593 cn.
360 3544 407 3593 rur.
427 3543 599 3608 capuanum
616 3544 643 3594 in
660 3542 829 3592 1111111110
847 3557 902 3606 up.
914 3541 985 3604 mv,
1003 3541 1087 3603 mm,
1104 3541 1187 3591 xxrr.
1206 3527 1240 3581 ’-

139 3630 289 3693 Eunopium
306 3630 349 3679 111.
367 3631 438 3691 vm,
457 3645 512 3694 cap.
524 3631 595 3680 xm.
612 3661 643 3668 -
663 3611 791 3678 numm
809 3629 949 3678 Marcellin.
967 3628 1011 3678 111.
1027 3629 1123 3689 xxm,
1142 3629 1240 3692 capu,

139 3713 161 3774 §-
176 3713 222 3763 13':
242 3715 346 3773 „Marco
363 3717 451 3766 itidem
468 3716 616 3764 moderante
629 3715 772 3779 imperium,
789 3730 869 3764 uuum
881 3715 1001 3777 spirando
1013 3715 1116 3762 vesania
1127 3715 1241 3776 gentium

139 3802 307 3862 dissonam,
325 3808 384 3864 post
400 3803 525 3852 bellorum
542 3800 655 3863 fragores
672 3801 819 3860 immensos,
836 3808 896 3863 post
912 3797 926 3826 *
940 3799 976 3847 611
993 3799 1093 3849 urbium
1111 3807 1240 3864 captarum

140 3895 167 3937 et
188 3887 342 3949 direptarum
365 3895 392 3937 et
411 3901 516 3952 pessum
538 3883 553 3914 *
577 3886 688 3939 concitas
710 3886 848 3948 proratoris
866 3883 880 3912 *
898 3885 1027 3946 interitus,
1049 3893 1134 3949 partes
1152 3901 1240 3937 eorum

141 3973 246 4036 exiguas
263 3973 408 4035 reliquisset
423 3971 557 4033 intactasf‘.
576 4003 610 4012 -
628 3971 695 4020 Vide
712 3971 790 4021 etiam
802 3970 912 4033 Gibbon‚
930 3972 947 4022 l.
960 3987 982 4022 6.
1001 3987 1056 4036 cap.
1069 3973 1107 4025 IX
1126 3969 1204 4033 (tom.
1219 3973 1239 4034 I,

191 4058 263 4109 ,239
281 4095 289 4108 .

140 4075 190 4123 9⁸3
211 4056 280 4205 366)
298 4146 344 4195 csr.
363 4145 486 4209 Xiphilirri
504 4147 632 4209 Excerpta
649 4159 682 4194 ex
700 4143 784 4194 Cassii
800 4144 892 4194 Diouis
915 4145 979 4194 libro
998 4145 1095 4204 LXXI,
1119 4159 1174 4208 cap.
1196 4144 1239 4194 ll:

126 4218 219 4281 ,οὗτοί
235 4249 263 4280 τε
283 4219 328 4281 οὖν
346 4225 461 4294 (scilicet
479 4233 505 4280 61
523 4225 722 4300 Μαρκομάνοι)
741 4228 872 4299 11ρό6τὸ1
890 4228 1006 4300 Μάρκον
1023 4223 1168 4298 autumo,
1187 4232 1241 4280 acl
