2752 4844
681 386 719 453 71

147 567 239 626 sunt:
265 558 425 641 „Sanctae
447 558 573 626 Mariae
594 560 792 627 ltemensis“.
832 562 888 624 cfr.
912 560 1054 647 Parthey
1077 570 1110 625 et
1130 560 1250 626 Pinder

146 665 167 728 1.
183 685 212 727 c.
236 686 311 750 pag.
332 661 465 728 XVIII.
496 665 551 746 qui
581 666 857 731 accuratissimum
883 663 1004 729 codicis
1027 662 1248 752 apographum

146 766 325 854 benigniter
346 765 439 833 nobis
461 775 695 832 concesserunt.

642 1003 673 1086 §-
701 1003 751 1069 12.

492 1149 636 1211 RELIQVI
655 1149 806 1200 CODICES
824 1151 893 1199 XXI.

232 1283 304 1348 Iam
326 1305 402 1348 vero
424 1282 524 1347 XXI.
550 1283 679 1349 codices
701 1293 872 1370 supersunt
894 1292 927 1347 et
948 1282 1101 1347 librorum
1118 1279 1247 1365 quidem

144 1388 343 1473 superiorum
371 1386 518 1452 ordinum
547 1389 726 1454 conformes
754 1388 849 1470 nulli,
880 1387 942 1452 nisi
971 1384 1058 1470 quod
1085 1383 1249 1471 Didymus
1267 1394 1297 1441 t*-

144 1492 280 1557 omissus
301 1500 352 1556 est
372 1490 406 1555 in
428 1492 592 1575 omnibus,
621 1493 668 1557 ita
696 1500 733 1556 ut
760 1500 855 1556 vetus
875 1491 929 1555 ille
951 1489 1156 1572 Parisiensis‚
1186 1488 1248 1554 etei

143 1617 208 1659 non
229 1604 318 1660 recta
340 1593 420 1679 1111,ἱ
438 1596 552 1662 horum
580 1597 651 1661 fons
674 1595 841 1661 habendus
865 1595 916 1660 sit.
963 1591 1061 1675 Quod
1084 1603 1192 1658 autem
1213 1593 1247 1656 in

142 1698 184 1763 iis
204 1699 324 1764 accidit
345 1723 425 1784 quos
448 1724 546 1786 supra
568 1700 904 1782 commemoravimus,
930 1706 966 1763 ut
989 1698 1138 1762 et'titulo
1161 1697 1248 1761 aliis-

142 1824 206 1886 que
227 1804 328 1888 signis
350 1803 474 1867 definiri
488 1805 601 1889 possit,
624 1804 675 1867 cui
690 1803 890 1888 potissimum
907 1801 1047 1866 familiae
1062 1797 1248 1888 assignandi

142 1905 223 1970 sint:
253 1903 317 1969 hoc
344 1906 378 1969 in
405 1906 536 1991 reliquis
563 1916 601 1970 ut
627 1908 733 1970 minus
754 1907 788 1969 in
810 1914 923 1991 aperto
946 1927 1016 1970 esse
1037 1904 1186 1969 videatur
1207 1927 1246 1969 eo

141 2007 263 2070 factum
286 2015 346 2090 est,
369 2009 457 2093 quod
478 2008 634 2074 eiusmodi
654 2008 783 2073 indiciis
804 2008 899 2095 longe
922 2008 1024 2072 maior
1045 2030 1155 2072 eorum
1169 2028 1245 2092 pars

140 2110 271 2175 omnino
293 2120 392 2194 caret,
415 2121 448 2177 et
470 2113 545 2197 quia
567 2121 720 2178 extante
742 2136 874 2178 numero
896 2111 1051 2177 librorum
1073 2111 1169 2196 pauci
1191 2131 1245 2175 ac-

141 2214 284 2278 curatius
305 2214 399 2280 nobis
421 2224 496 2281 sunt
517 2218 683 2306 comperti.

229 2314 381 2383 Ceterum
411 2321 438 2384 si
466 2329 553 2386 recte
575 2321 722 2387 instituta
745 2328 819 2384 sunt
841 2342 923 2405 quae
946 2318 1111 2403 hucusque
1134 2316 1175 2382 de
1196 2317 1244 2383 fa·

139 2421 236 2486 miliis
265 2421 413 2487 codicum
443 2424 624 2508 attulimus,
652 2425 747 2489 facile
776 2432 910 2509 apparet
937 2423 1058 2486 nullam
1080 2444 1149 2486 esse
1171 2421 1244 2485 reli·

139 2547 276 2609 quorum
305 2525 454 2590 codicum
488 2527 729 2610 auctoritatem,
766 2549 826 2590 nec
860 2526 959 2590 ullum
993 2526 1136 2588 finctum
1169 2523 1244 2587 inde

139 2625 414 2716 Cosmographiae
436 2628 552 2694 editori
573 2653 668 2716 posse
683 2630 815 2717 percipi.
855 2626 949 2710 Quae
972 2626 1117 2713 quamvis
1139 2629 1187 2692 ita
1208 2649 1243 2692 se

138 2731 288 2815 habeant,
309 2731 451 2819 placebit
471 2743 580 2799 tamen
603 2735 745 2822 singulos
769 2756 967 2813 enumerare;
991 2741 1024 2797 et
1044 2731 1091 2795 ita
1113 2730 1242 2816 quidem

138 2833 200 2900 hac
221 2836 255 2901 in
276 2860 312 2902 re
334 2837 541 2921 versabimus‚
563 2848 601 2903 ut
623 2862 678 2905 eos
698 2839 798 2905 libros
812 2861 877 2903 uno
892 2839 964 2903 loco
980 2835 1241 2921 complectamur,

138 2941 194 3024 qui
216 2941 409 3028 cognatione
431 2941 570 3024 quadam
592 2942 762 3008 cohaerere
784 2941 878 3008 nobis
899 2942 961 3007 visi
982 2951 1067 3007 sunt

676 3133 703 3196 I.

226 3246 336 3330 Quare
357 3251 495 3336 primum
516 3250 624 3316 locum
646 3249 836 3317 obtinebunt
856 3250 930 3316 libri
952 3251 1161 3336 manuscripti
1182 3251 1239 3335 illi,

136 3353 193 3437 qui
202 3352 463 3420 Vindobonensis
484 3363 610 3441 partam
631 3356 735 3423 solum
758 3355 925 3436 exhibent3
948 3378 1084 3440 quorum
1097 3363 1239 3441 praeter-

136 3457 235 3522 misso
262 3458 420 3522 Antonini
446 3458 615 3526 Itinerario
647 3459 711 3526 duo
735 3456 1024 3549 Oosmographiam
1051 3469 1176 3525 tantum
1205 3467 1239 3526 et

136 3557 246 3625 Orosii
268 3559 509 3652 Geograpbiam
532 3573 770 3647 conservarunt,
796 3563 860 3629 duo
883 3586 959 3628 vero
983 3561 1135 3630 Orosium
1158 3585 1236 3648 quo-

135 3685 198 3748 que
220 3665 353 3729 missum
373 3665 504 3731 faciunt.
550 3665 634 3734 Sunt
656 3678 763 3733 autem
786 3667 914 3733 codices
936 3666 980 3731 hi.
1013 3740 1024 3753 s

224 3769 254 3834 1.
293 3765 388 3833 Cod
404 3767 705 3856 Neapolitanus
727 3770 982 3836 Borbonious
1005 3773 1148 3857 signat.
1166 3768 1235 3852 IV,

135 3868 179 3935 D.
196 3873 263 3955 21,
281 3870 442 3937 mbranac.
463 3874 564 3938 forma
580 3882 705 3957 octava,
720 3873 909 3938 nitidissime
925 3877 1124 3962 conscriptus
1139 3896 1236 3937 manu

135 3996 219 4040 saec.
241 3975 323 4040 XII.
354 3984 478 4041 exeunt.
524 3977 564 4041 In
586 3980 690 4064 primo
711 3978 789 4043 folio
811 3980 928 4065 legitur
952 3980 1048 4062 „Iani
1069 3975 1234 4043 Parrhasii

135 4086 169 4143 et
189 4079 375 4144 amicorum.
418 4078 598 4146 Mediolani
619 4090 744 4169 emptus
766 4083 927 4171 argenteis
949 4085 1124 4169 quinque“.
1168 4077 1232 4145 Co-

134 4178 197 4247 dex
220 4182 386 4250 extribus
407 4185 553 4270 partibus
576 4195 773 4274 compactus,
796 4210 930 4273 quarum
951 4187 1039 4276 prior
1053 4184 1209 4253 continet:
