2752 4844
592 397 632 466 21

57 575 175 641 tarium
199 597 262 659 quo
283 571 458 637 inacholis
480 572 632 638 utebatur
649 581 686 638 ut
705 572 816 638 mundi
837 573 980 638 tabulam
997 571 1162 656 discipulis

57 702 96 746 eo
109 679 224 744 melius
238 675 398 762 explicare
413 684 532 760 posset.
568 674 678 758 Quare
694 676 743 743 his
758 676 938 743 nominibus
957 698 1032 761 quo
1048 676 1162 740 fonte

57 779 314 869 Cosmographia
335 787 412 844 nata
435 779 694 846 sit'ostenditur:
725 781 779 866 qui
808 789 915 847 autern
943 779 1084 864 reliquus
1113 786 1163 843 est

55 885 167 951 titulus
197 894 354 969 „quatuor
382 905 574 949 oceanorum
604 885 831 968 continentia“,
860 886 888 951 is
917 884 960 950 ad
987 882 1162 948 indolem

56 989 181 1076 magis
204 998 243 1055 et
264 997 448 1054 naturam
471 984 745 1075 Cosmographiae
766 988 917 1073 pertinet,
939 988 1057 1073 quippe
1081 1009 1162 1071 quae

58 1093 311 1179 ,quadripertita
325 1091 559 1178 descriptione“
582 1092 765 1160 universum
784 1101 945 1159 terrarum
967 1090 1077 1157 orbem
1095 1114 1162 1155 am·

54 1197 151 1283 plexa
172 1198 223 1263 sit

145 1300 217 1366 Nos
238 1300 356 1366 Iulium
378 1298 555 1366 Oratorem·
573 1297 849 1387 Oosmographiae
878 1321 955 1365 suae
978 1299 1064 1365 hunc
1085 1297 1162 1364 titu-

55 1404 123 1468 lum
146 1404 273 1470 dedisse
295 1403 470 1470 credimus:

323 1505 595 1592 ,EXOERPTA
618 1505 901 1590 SPHAERAE“,

55 1633 158 1696 neque
173 1619 281 1677 tamen
295 1613 378 1678 utin
393 1611 511 1679 talibus
527 1612 607 1676 certi
622 1611 797 1697 quidquam
812 1609 1047 1693 affirmaverim,
1070 1631 1162 1695 prae-

55 1714 165 1780 sertim
187 1738 286 1800 quum
307 1716 430 1801 reliqua
452 1738 580 1802 quoque
600 1716 730 1782 nomina
751 1714 841 1780 haud
861 1715 967 1782 minus
990 1723 1065 1801 apte
1079 1711 1161 1779 libro

53 1817 277 1884 inscribantur.
983 1827 989 1836 ‘

509 1991 709 2000 μ*

145 2130 175 2194 l.
221 2127 430 2194 Recensionis
453 2136 560 2193 autem
583 2127 665 2210 eius,
689 2151 785 2213 quam
808 2129 944 2215 primam
966 2129 1064 2194 fuisse
1087 2149 1162 2194 con-

55 2229 232 2316 tendimus,
262 2231 406 2297 codicem
435 2231 687 2317 manuscriptum
716 2255 814 2298 unum
842 2241 966 2299 tantum
995 2232 1162 2315 habemus,

55 2335 192 2402 scilicet:

103 2441 144 2508 t*
170 2421 754 2505 clarausnnsemnrblioth.
771 2439 932 2508 Notion.
949 2439 1161 2523 lucanum

167 2542 449 2625 Moissiaoensem,
478 2542 594 2609 deinde
620 2543 659 2608 P.
690 2541 835 2626 Pitheci,
863 2552 932 2608 tum
960 2542 1162 2625 Thuaneum,

167 2646 283 2712 deinde
312 2644 534 2712 Oolbertinum
557 2647 654 2715 2565.
685 2646 978 2731 membranaceum,
1005 2670 1071 2712 non
1098 2668 1163 2712 una

167 2774 264 2816 manu
286 2751 450 2837 scriptum.
496 2749 594 2817 Hunc
621 2750 732 2817 laudat
758 2752 792 2816 in
814 2751 1018 2818 Bibliotheca
1039 2749 1163 2816 Biblio-

167 2855 333 2921 theoarum
347 2862 426 2921 tom.
441 2855 486 2920 Π.
501 2878 578 2943 pag.
595 2856 655 2924 961
671 2855 710 2921 Β.
735 2856 795 2921 col.
814 2857 842 2923 1.
865 2855 1146 2921 Montefalconius.

212 2959 343 3024 Insunt:
378 2958 405 3023 I.
435 2958 751 3026 Pseudo-Aethione
777 2968 811 3024 et
830 2959 1035 3025 Itinerarium
1057 2959 1163 3026 Anto·
1270 2987 1272 2991 ·

168 3063 246 3144 nini,
268 3083 352 3126 saec.
368 3061 449 3127 XII.
485 3060 600 3129 Codex
614 3071 647 3127 et
661 3063 824 3148 eleganter
840 3065 979 3148 scriptus
994 3072 1028 3127 et
1042 3062 1163 3147 optime

168 3172 315 3229 servatus
336 3172 394 3228 est.

213 3267 259 3333 II.
294 3266 497 3334 Itinerarium
524 3276 714 3352 sequunturx
745 3266 953 3354 Excerpta
981 3289 1027 3333 ex
1054 3266 1162 3333 Iulio

171 3371 352 3438 Honorio
371 3392 471 3436 saec.
487 3370 624 3456 V1.¹²⁰)
639 3372 754 3438 litteris
769 3371 947 3438 uncialibus
963 3379 1103 3437 exarata
1120 3407 1162 3420 -

169 3475 373 3541 Itinerarium
389 3473 718 3564 Hierosolymitanum
740 3498 823 3541 saec.
841 3474 910 3556 IX3
938 3514 976 3524 -
998 3474 1165 3562 Excerpta

170 3603 209 3645 ex
230 3578 430 3667 Hieronymo
451 3579 493 3646 de
515 3578 674 3668 gentibus,
697 3602 779 3645 saec.
802 3579 855 3660 X3
871 3618 913 3628 -—
936 3580 1101 3668 Anonymi
1123 3579 1164 3647 dc

170 3682 397 3771 Hierosolyma
415 3683 527 3750 relatio
543 3705 627 3750 saec.
643 3683 694 3764 X;
713 3723 754 3732 —
777 3683 910 3750 Noticia
926 3685 1163 3771 provinciarum

172 3784 299 3853 Galliae
327 3809 410 3853 saec.
427 3787 480 3868 X3
504 3827 545 3836 —
574 3786 716 3852 Nomina
744 3789 980 3874 provinciarum
1002 3786 1164 3854 Romana-

61 3961 260 3969 —-——-—--

135 4045 200 4109 120)
219 4049 262 4109 ita,
282 4055 345 4098 teste
364 4049 395 4099 V.
410 4049 448 4100 Cl.
469 4050 580 4101 Gustavo
599 4051 720 4114 Parthey:
739 4066 790 4100 non
809 4067 829 4101 s.
844 4053 912 4104 VIII.
932 4055 1001 4116 quod
1018 4068 1051 4102 ex
1068 4053 1164 4103 Biblio-

60 4137 150 4184 thecae
168 4135 317 4185 Pan'sicnsis
332 4129 455 4200 Catedoigo
474 4146 628 4200 exceperunt
639 4139 721 4202 Perta,
739 4138 833 4190 Archiv
846 4147 893 4190 etc.
909 4140 966 4203 VII,
983 4155 1041 4203 pag.
1054 4137 1097 4189 50.
1110 4141 1163 4191 init

62 4229 89 4273 et
105 4221 278 4272 D’Avezacius
296 4222 312 4271 l.
332 4238 353 4272 c.
372 4238 429 4288 pag.
444 4222 502 4275 315.
522 4225 575 4275 init.
