2752 4844
654 417 712 483 171

134 593 328 679 investigare
350 615 448 677 quum
470 592 525 656 alii
546 591 714 674 multi⁴⁵⁴),
736 600 805 654 tum
828 598 962 655 conatus
984 597 1034 655 est
1050 611 1146 674 quem
1167 609 1237 652 sae-

134 699 209 784 pius
236 697 301 761 iam
323 696 526 762 laudavimus
546 693 733 760 Dobrovius
745 695 811 777 ⁴⁸⁵).
858 691 924 760 Sed
946 694 1000 758 ille
1021 692 1170 758 omnibus
1190 691 1238 755 vi-

134 800 224 865 ribus
252 799 287 864 id
314 823 413 865 unum
439 798 534 865 nobis
562 799 756 883 persuadere
775 795 902 881 studet,
930 795 1136 883 alphabetum
1158 793 1238 861 Gla·

135 903 302 990 goliticum
330 903 422 967 initio
451 903 571 967 saeculi
590 903 690 967 XIII.
718 902 881 968 recentius
907 902 1064 979 esse⁴⁵‘);
1092 899 1199 989 idque·
1218 922 1238 963 a

136 1007 253 1072 clerico
279 1006 464 1071 Dalmatiae
491 1005 648 1090 quodam,
687 1029 784 1092 quem
818 1003 1108 1070 inventoremsibi
1134 1003 1239 1085 finxit,

135 1110 259 1177 Sancto
286 1109 485 1196 Hieronymo
512 1109 669 1175 tributum
702 1109 801 1173 firisse
834 1108 904 1172 sine
937 1107 1003 1170 nlla
1027 1106 1114 1172 insta
1141 1127 1240 1170 causa

135 1213 344 1300 praedicavit
389 1212 571 1278 Dicendum
593 1213 719 1300 potius,
744 1211 886 1276 fabulam
913 1209 953 1275 de
981 1208 1017 1278 S.
1040 1209 1239 1296 Hieronymo

136 1318 315 1382 litteranun
326 1318 501 1399 ,inventore
522 1341 564 1382 ex
581 1318 654 1402 ipsa
668 1317 803 1382 veritate
817 1314 909 1399 qnasi
923 1322 1026 1378 matre
1040 1323 1138 1398 atque
1150 1313 1240 1378 sonte

136 1430 355 1507 procreatam,
382 1421 506 1508 optimo
531 1422 601 1487 iure
623 1420 710 1507 apud
732 1419 868 1488 Sclavos
888 1441 948 1504 per
968 1427 1019 1483 tot
1040 1417 1240 1483 saeculorum

136 1525 225 1590 vices
245 1535 468 1591 conservatam
490 1548 569 1591 esse.
607 1525 723 1610 Neque
745 1546 822 1587 1110
844 1522 940 1586 aliam
961 1522 1152 1587 sententiam
1173 1519 1240 1586 edi·

138 1628 255 1694 derunt
280 1629 321 1694 B.
343 1629 551 1717 Kopitar⁴⁵ss
576 1638 704 1694 etcum
726 1627 780 1693 illo
802 1626 852 1693 M.
874 1626 990 1712 Haupt
1000 1627 1068 1709 ⁴⁵⁸).
1113 1623 1241 1706 Quodsi

137 1732 222 1797 enim
246 1741 460 1814 ,memorabis
481 1733 523 1798 ab
537 1731 694 1799 Hrabano
713 1730 882 1818 presbyter
894 1731 1113 1816 ffieronymns
1129 1750 1241 1793 ansam

139 1833 230 1900 dedit
243 1834 407 1919 alphabeti
417 1835 453 1902 S.
461 1836 660 1922 Hieronymo
673 1834 854 1899 tribuendi“
864 1861 873 1898 1
884 1835 1036 1918 quoniam
1049 1833 1104 1897 ille
1117 1833 1242 1897 litteras

138 1935 447 2024 exCosmographia
463 1939 574 2002 Ethici
596 1937 819 2022 desumpserit,
840 1959 945 2002 nonne
965 1935 1052 2002 idem
1071 1945 1132 2018 est,
1153 1958 1192 2000 ac
1213 1937 1241 2002 si

139 2064 180 2105 ex
194 2041 342 2105 manibus
352 2041 430 2127 ipsis
439 2042 631 2127 Hieronymi
641 2039 826 2126 Glagolitae
840 2039 997 2104 elementa
1009 2039 1228 2126 accepissent?

227 2146 384 2209 Attamen
405 2167 470 2209 non
491 2143 596 2226 video,
620 2153 765 2209 curtam
787 2142 918 2228 obliqua
939 2144 993 2207 111
1014 2152 1048 2207 11
1070 2145 1161 2228 quasi
1184 2166 1242 2229 per

139 2247 292 2334 ambages
319 2256 498 2313 1111111111
519 2248 695 2314 innotuisse
716 2245 867 2335 gentibus
888 2245 1089 2315 Sclavenicis
1110 2248 1166 2332 qui
1187 2270 1242 2311 11-

137 2374 194 2416 rus
217 2351 396 2416 litterarum
426 2360 540 2416 auctor
565 2351 671 2416 fuerit.
728 2349 804 2433 Qua
832 2351 917 2415 enim
945 2351 1017 2438 lege
1044 2350 1181 2415 dicimus
1209 2359 1243 2414 et

139 2455 254 2539 quibus
283 2455 479 2542 argumentis
507 2454 696 2538 innitentes,
723 2453 906 2542 Glagolitas
934 2455 995 2519 etsi
1020 2453 1117 2519 rudes
1145 2462 1243 2538 atque

138 2557 311 2641 barbaros,
343 2568 453 2623 tamen
479 2557 626 2622 Hrabani
655 2557 765 2622 Mauri
794 2556 982 2645 Moguntini
1008 2556 1242 2642 archiepiscopi

139 2661 302 2726 volumina
328 2672 502 2728 tractasse:
535 2661 722 2750 praesertim
750 2684 850 2746 quum
876 2661 1043 2726 obscurior
1071 2660 1125 2725 ille
1151 2661 1242 2724 loeus

141 2764 182 2829 de
204 2788 269 2850 quo
290 2765 398 2853 agr’tur
419 2766 462 2832 ad
475 2765 667 2852 Kopitarem
688 2788 789 2851 usque
811 2774 862 2831 tot
881 2764 968 2831 11101
987 2748 1243 2851 praeditos'doc-

141 2870 223 2933 trina
238 2869 380 2957 fugerit?
409 2869 477 2938 Sed
499 2871 625 2935 etiamsi
647 2868 888 2936 concedendum
905 2879 1001 2953 esset,
1022 2869 1141 2934 famam
1155 2868 1243 2932 illam
1365 2945 1372 2963 ι

141 2972 182 3037 de
211 2972 246 3039 S.
275 2972 476 3059 Hieronymo
505 2973 768 3041 Sclaveniearum
801 2973 979 3038 litterarum
1008 2975 1174 3037 inventore
1203 2994 1244 3035 ex

140 3075 272 3139 laudato
300 3076 373 3139 loco
400 3075 548 3141 Hrabani
575 3076 686 3141 Mauri
713 3086 817 3140 ortam
843 3075 963 3159 videri,
988 3086 1097 3140 tamen
1118 3096 1159 3140 ne
1179 3074 1244 3139 hoc

141 3175 272 3262 quidem
300 3179 477 3243 sententiae
504 3188 633 3244 nostrae
659 3179 892 3245 obversaretur.
943 3178 1131 3262 Numquam
1158 3177 1243 3242 enim

141 3279 315 3346 Hrabanus
350 3304 487 3364 „ansam
521 3281 663 3348 dedisset
693 3282 857 3370 alphabeti
891 3282 927 3352 S.
955 3283 1156 3369 Hieronymo
1186 3281 1244 3346 tri·

140 3383 293 3468 buendi“,
314 3385 343 3450 si
364 3385 491 3450 litterae
512 3408 593 3470 quas
607 3386 739 3452 Aethici
760 3388 821 3454 sub
837 3388 965 3453 nomine
986 3385 1109 3473 profert
1129 3392 1245 3449 natura

141 3497 238 3573 atque
259 3488 366 3554 indole
387 3512 409 3553 a
430 3487 635 3578 Glngoliticis
657 3490 802 3558 diversae
822 3492 967 3558 fluissent

212 3720 281 3783 151)
299 3723 383 3782 Kohl,
405 3724 422 3770 l.
440 3739 463 3771 e.
480 3723 587 3787 praefat.
605 3740 631 3786 p.
645 3723 669 3772 3.
687 3740 745 3787 pag.
761 3723 819 3789 103.
837 3741 896 3788 pag.
912 3722 970 3772 ¹22.
988 3734 1041 3771 not
1060 3737 1085 3785 p.
1105 3753 1138 3760 -
1156 3722 1244 3771 Eriseh

141 3811 209 3873 apud
226 3809 396 3872 Dobrowaky,
413 3808 557 3872 Glngolitie.
575 3824 634 3872 pag.
649 3809 689 3857 lt.
708 3840 744 3848 -
760 3811 915 3859 1111111111
934 3810 986 3858 11.
998 3809 1045 3869 IV,
1062 3807 1124 3857 1118.

212 3892 281 3955 155)
300 3894 444 3957 Glagolitic.
467 3912 493 3959 p.
511 3895 553 3944 11.
571 3911 597 3958 p.
616 3893 659 3944 86.
683 3927 717 3933 -
740 3897 860 3947 Institutt.
884 3897 945 3960 ling.
967 3895 1035 3946 Slav.
1057 3911 1113 3960 cap.
1132 3897 1153 3945 1.
1170 3893 1193 3952 5.
1212 3895 1244 3943 V.

141 3997 200 4045 pag.
212 3981 238 4030 5.
256 3990 284 4031 et
300 3982 409 4044 saepius.

212 4065 282 4128 156)
298 4069 419 4118 Instituta
437 4071 498 4133 ling.
516 4069 583 4120 slav.
602 4070 654 4118 tc.

214 4152 282 4214 457)
300 4153 401 4218 Glagol.
421 4156 534 4206 Clozian.
552 4171 611 4220 pag.
623 4156 685 4204 XF.

214 4238 283 4300 458)
301 4242 353 4290 11.
371 4257 429 4304 pag.
444 4241 485 4289 10.
503 4250 569 4305 post
582 4243 649 4292 med.
