2752 4844
591 367 634 433 47

62 547 141 606 nata
162 540 206 604 sit
227 539 394 606 doctorum
416 538 581 605 hominum
602 538 812 626 perturbatio,
834 562 930 625 quam
951 540 1096 607 diversae
1111 539 1167 606 de·

64 643 141 710 inde
162 644 338 729 opiniones,
360 643 423 708 hoc
443 665 543 729 supra
564 645 644 710 satis
665 645 878 730 exposuimus.

153 747 224 812 lam
246 769 333 829 vero,
356 747 386 812 si
407 747 448 812 de
469 755 614 834 tempore
637 745 808 813 dicendum
823 754 884 829 est,
907 768 971 830 quo
986 746 1084 812 talem
1101 745 1168 811 col·

63 851 233 917 lectionem
250 850 370 915 factam
392 873 462 916 esse
484 859 678 916 statuamus:
702 873 773 915 eam
795 857 888 936 post
904 847 1007 926 Solini
1022 859 1168 935 tempora

64 954 227 1021 conditam
249 954 347 1018 fuisse
370 977 410 1018 ex
433 977 471 1020 eo
494 962 645 1040 apparet,
673 953 760 1039 quod
781 953 968 1040 Descriptio
990 953 1080 1019 urbis
1100 952 1168 1017 Ro-

62 1082 134 1124 mae
162 1080 202 1123 ex
224 1054 336 1124 Solino
363 1056 495 1140 hausta,
523 1065 562 1123 ut
590 1080 689 1143 supra
715 1058 1004 1124 demonstravimus
1033 1056 1167 1142 abipso

62 1161 157 1227 huius
178 1161 373 1226 recensionis
394 1169 525 1227 aurctore
548 1158 823 1248 Cosmographiae
849 1169 899 1227 est
919 1159 1057 1226 adiecta.
1101 1160 1168 1224 De·

62 1264 138 1331 inde
165 1264 201 1329 id
229 1286 357 1350 quoque
385 1262 626 1329 concedendum
653 1265 730 1348 erit,
758 1273 867 1330 natam
894 1286 965 1338 esse
986 1271 1062 1348 post
1084 1260 1168 1328 Oro-

64 1369 157 1451 sium,
178 1369 254 1452 quia
276 1369 343 1434 eius
365 1367 452 1433 orbis
475 1368 723 1455 descriptionem
743 1367 785 1432 ad
800 1368 932 1434 verbum
946 1368 1013 1432 fere
1027 1366 1166 1432 exhibet.

64 1469 141 1554 Qua
163 1494 203 1536 ex
223 1495 259 1537 re
282 1473 472 1560 colligimus,
494 1473 705 1538 recentiorem
724 1495 796 1538 eam
818 1494 887 1538 esse
903 1493 985 1536 anno
1001 1473 1082 1538 417:
1106 1471 1168 1536 etsi

63 1575 156 1641 nobis
179 1575 307 1659 quidem
328 1576 371 1643 ob
392 1576 511 1642 multas
534 1598 647 1641 causas
670 1577 713 1641 sit
734 1598 938 1660 persuasum,
965 1575 1167 1663 Descriptio-

63 1701 136 1744 nem
157 1679 244 1755 illam
267 1688 304 1744 ut
326 1688 396 1746 erat
417 1681 484 1745 eius
508 1678 705 1745 consuetudo
721 1682 772 1762 ¹⁸⁸)
795 1700 914 1765 magna
934 1701 975 1742 ex
996 1686 1098 1764 parte·
1111 1679 1168 1743 ali·

62 1782 148 1848 unde
169 1782 210 1848 ab
233 1780 350 1848 Orosio
372 1805 442 1848 esse
463 1783 620 1849 haustam.

152 1885 227 1950 Hoc
248 1893 357 1950 tamen
377 1893 501 1950 certum
523 1894 583 1967 est,
610 1883 885 1974 Cosmographiaa
906 1885 1036 1950 tertiam
1057 1907 1167 1950 recen·

62 1988 186 2054 sionem
208 1989 336 2053 saeculo
358 1997 475 2054 octavo
497 1990 651 2070 extitisse,
675 2009 772 2071 quum
793 1988 849 2053 illo
866 1995 1011 2072 tempore
1024 1989 1089 2053 iam
1105 1988 1168 2053 alia

63 2090 222 2177 quaedam
245 2091 402 2158 eiusmodi
423 2091 569 2157 collectio
587 2114 627 2157 ex
644 2092 752 2177 priore
768 2091 855 2155 facta
876 2091 918 2155 sit
933 2113 1015 2174 quae
1029 2091 1168 2176 reliquo-

62 2219 134 2262 rum
162 2194 311 2261 codicum
339 2216 419 2280 quos
447 2193 687 2282 indagavimus,
719 2194 754 2258 ui
780 2192 888 2258 omnia
917 2193 1047 2277 fallunt,
1076 2194 1169 2278 quasi

62 2309 166 2364 mater
187 2299 380 2386 appellanda
401 2307 460 2365 est.

149 2403 318 2490 Ingentem
341 2412 448 2468 autem
469 2425 637 2468 numerum
657 2401 811 2469 librorum
833 2401 888 2485 qui
910 2401 953 2466 ad
974 2402 1102 2466 tertiam
1117 2425 1167 2465 re-

63 2507 244 2573 censionem
265 2507 444 2593 pertinent,
472 2529 531 2591 pro
556 2528 666 2570 eorum
687 2505 795 2570 indole
816 2505 944 2570 familiis
966 2527 1023 2570 sex
1044 2505 1096 2568 vel
1118 2527 1167 2569 se-

61 2619 152 2697 ptem
174 2610 421 2697 assignavimus3
445 2632 509 2694 qua
530 2611 564 2674 in
582 2631 617 2674 re
632 2610 659 2674 si
674 2610 757 2674 forte
773 2608 947 2693 quidquam
962 2608 1065 2672 minus
1079 2617 1168 2673 recte

61 2715 244 2780 institutum
267 2721 326 2796 ost,
348 2711 384 2778 id
404 2711 488 2777 hanc
510 2711 552 2778 ob
566 2735 705 2778 causam
728 2713 972 2779 condonandum
990 2711 1083 2778 nobis
1097 2735 1167 2777 esse

61 2818 215 2901 dixerim,
245 2816 331 2901 quod
359 2817 456 2904 longe
483 2817 586 2883 maior
611 2816 758 2882 codicum
780 2818 1069 2903 manuscriptorum
1091 2839 1167 2903 pars

60 2923 96 2986 in
125 2920 215 2985 libris
244 2919 285 2984 de
308 2919 464 2986 eiusmodi
485 2920 580 2987 rebus
602 2922 815 2988 tractantibus
836 2930 903 2987 tam
925 2944 1044 3008 magna
1065 2921 1172 3007 negli·‘

61 3025 173 3111 gentis
194 3022 362 3108 designata
384 3032 443 3105 est,
464 3031 502 3089 ut
523 3024 557 3088 in
577 3024 707 3090 familiis
731 3024 962 3091 constituendis
983 3024 1071 3090 haud
1092 3048 1166 3091 raro

62 3126 259 3190 divinatione
282 3123 421 3208 quadam
443 3134 541 3210 atque
563 3127 747 3192 coniectura
768 3149 850 3212 opus
872 3129 923 3192 sit
1000 3179 1003 3185 .

525 3358 597 3440 s
628 3357 658 3424 9.

357 3492 404 3541 nu
423 3491 535 3555 uronis
554 3492 628 3544 mss.
647 3492 817 3544 ramnum
834 3493 866 3544 A.

150 3643 279 3708 Tertiae
306 3646 500 3711 recensionis
527 3646 680 3714 familiam
702 3648 838 3733 primam
860 3648 933 3713 libri
954 3650 1165 3736 manuscripti

60 3748 95 3812 hi
111 3749 319 3829 constituunt,
341 3750 396 3832 qui
418 3758 592 3832 quatuor
612 3773 715 3815 novae
731 3753 929 3817 collectionis
943 3762 1067 3837 partes:
1090 3754 1164 3819 Iulii

59 3851 199 3918 Honorii
221 3850 344 3916 scilicet
364 3850 665 3940 Cosmographiam,
688 3854 946 3940 Descriptionem
962 3854 1164 3944 Orosianam,

62 4012 261 4020 .-—-.-.-—-—

113 4147 114 4150 ,
135 4087 201 4161 lte)
220 4101 260 4151 ue
285 4101 333 4152 nac
353 4116 381 4152 re
399 4104 455 4153 noe
475 4102 635 4162 „necron
654 4105 705 4155 ota
723 4107 826 4169 eiusque
844 4108 1005 4157 historiarum
1023 4107 1093 4156 nass
1105 4107 1162 4157 vn.

59 4186 180 4236 adversus
191 4186 333 4250 Paganos“.
362 4187 470 4290 Scripsit
480 4191 629 4241 'Theodorus
648 4193 679 4242 de
691 4192 810 4243 Moerner
821 4194 867 4243 Dr.
886 4194 998 4244 Bcrolim'
1014 4191 1089 4242 lala.
1108 4190 1143 4243 8⁰.
