<?xml version="1.0" encoding="UTF-8"?>
<!DOCTYPE html PUBLIC "-//W3C//DTD XHTML 1.0 Transitional//EN"
    "http://www.w3.org/TR/xhtml1/DTD/xhtml1-transitional.dtd">
<html xmlns="http://www.w3.org/1999/xhtml" xml:lang="en" lang="en">
 <head>
  <title>
</title>
<meta http-equiv="Content-Type" content="text/html;charset=utf-8" />
  <meta name='ocr-system' content='tesseract 3.04.00' />
  <meta name='ocr-capabilities' content='ocr_page ocr_carea ocr_par ocr_line ocrx_word'/>
</head>
<body>
  <div class='ocr_page' id='page_1' title='image "./decosmographiae00pertgoog_0176.png"; bbox 0 0 2752 4844; ppageno 0'>
   <div class='ocr_carea' id='block_1_1' title="bbox 662 383 725 451">
    <p class='ocr_par' dir='ltr' id='par_1_1' title="bbox 662 383 725 451">
     <span class='ocr_line' id='line_1_1' title="bbox 662 383 725 451; baseline 0 -1"><span class='ocrx_word' id='word_1_1' title='bbox 662 383 725 451; x_wconf 81' lang='lat'><strong>175</strong></span> 
     </span>
    </p>
   </div>
   <div class='ocr_carea' id='block_1_2' title="bbox 135 555 1245 1684">
    <p class='ocr_par' dir='ltr' id='par_1_2' title="bbox 135 555 1245 1580">
     <span class='ocr_line' id='line_1_2' title="bbox 229 555 1245 647; baseline 0.002 -25"><span class='ocrx_word' id='word_1_2' title='bbox 229 556 272 622; x_wconf 87' lang='lat' dir='ltr'><strong>V.</strong></span> <span class='ocrx_word' id='word_1_3' title='bbox 320 555 408 640; x_wconf 85' lang='lat' dir='ltr'><strong>Quid</strong></span> <span class='ocrx_word' id='word_1_4' title='bbox 432 555 531 645; x_wconf 78' lang='lat' dir='ltr'><strong>ergo?</strong></span> <span class='ocrx_word' id='word_1_5' title='bbox 568 556 634 622; x_wconf 89' lang='lat' dir='ltr'><strong>Pro</strong></span> <span class='ocrx_word' id='word_1_6' title='bbox 657 555 692 626; x_wconf 88' lang='lat' dir='ltr'><strong>S.</strong></span> <span class='ocrx_word' id='word_1_7' title='bbox 716 557 916 647; x_wconf 87' lang='lat' dir='ltr'><strong>Hieronymo</strong></span> <span class='ocrx_word' id='word_1_8' title='bbox 944 567 1076 624; x_wconf 87' lang='lat' dir='ltr'><strong>auctore</strong></span> <span class='ocrx_word' id='word_1_9' title='bbox 1097 556 1245 647; x_wconf 84' lang='lat' dir='ltr'><strong>Glagoli·</strong></span> 
     </span>
     <span class='ocr_line' id='line_1_3' title="bbox 138 659 1244 750; baseline 0.002 -24"><span class='ocrx_word' id='word_1_10' title='bbox 138 663 275 727; x_wconf 86' lang='lat' dir='ltr'><strong>ticamm</strong></span> <span class='ocrx_word' id='word_1_11' title='bbox 310 659 489 726; x_wconf 87' lang='lat' dir='ltr'><strong>litterarum</strong></span> <span class='ocrx_word' id='word_1_12' title='bbox 521 683 666 750; x_wconf 80' lang='lat' dir='ltr'><strong>pugnare</strong></span> <span class='ocrx_word' id='word_1_13' title='bbox 700 662 839 749; x_wconf 90' lang='lat' dir='ltr'><strong>primum</strong></span> <span class='ocrx_word' id='word_1_14' title='bbox 867 660 1006 727; x_wconf 87' lang='lat' dir='ltr'><strong>vidimus</strong></span> <span class='ocrx_word' id='word_1_15' title='bbox 1035 659 1244 730; x_wconf 75' lang='lat' dir='ltr'><strong>sclavonicas</strong></span> 
     </span>
     <span class='ocr_line' id='line_1_4' title="bbox 138 763 1244 851; baseline 0.002 -21"><span class='ocrx_word' id='word_1_16' title='bbox 138 765 285 831; x_wconf 89' lang='lat' dir='ltr'><strong>nationes</strong></span> <span class='ocrx_word' id='word_1_17' title='bbox 311 764 414 850; x_wconf 87' lang='lat' dir='ltr'><strong>ipsas,</strong></span> <span class='ocrx_word' id='word_1_18' title='bbox 442 763 558 830; x_wconf 89' lang='lat' dir='ltr'><strong>deinde</strong></span> <span class='ocrx_word' id='word_1_19' title='bbox 587 766 684 831; x_wconf 92' lang='lat' dir='ltr'><strong>etiam</strong></span> <span class='ocrx_word' id='word_1_20' title='bbox 712 765 865 832; x_wconf 87' lang='lat' dir='ltr'><strong>librorum</strong></span> <span class='ocrx_word' id='word_1_21' title='bbox 895 764 1094 849; x_wconf 89' lang='lat' dir='ltr'><strong>testimonia,</strong></span> <span class='ocrx_word' id='word_1_22' title='bbox 1127 766 1244 851; x_wconf 85' lang='lat' dir='ltr'><strong>quibus</strong></span> 
     </span>
     <span class='ocr_line' id='line_1_5' title="bbox 136 868 1245 956; baseline 0.002 -22"><span class='ocrx_word' id='word_1_23' title='bbox 136 870 184 934; x_wconf 89' lang='lat' dir='ltr'><strong>ita</strong></span> <span class='ocrx_word' id='word_1_24' title='bbox 205 869 256 935; x_wconf 88' lang='lat' dir='ltr'><strong>usi</strong></span> <span class='ocrx_word' id='word_1_25' title='bbox 278 890 404 953; x_wconf 88' lang='lat' dir='ltr'><strong>sumus,</strong></span> <span class='ocrx_word' id='word_1_26' title='bbox 437 877 474 934; x_wconf 93' lang='grc' dir='ltr'><strong>ιιι</strong></span> <span class='ocrx_word' id='word_1_27' title='bbox 496 868 653 936; x_wconf 87' lang='lat' dir='ltr'><strong>Arbensis</strong></span> <span class='ocrx_word' id='word_1_28' title='bbox 674 868 804 936; x_wconf 89' lang='lat' dir='ltr'><strong>Nicolai</strong></span> <span class='ocrx_word' id='word_1_29' title='bbox 832 869 939 936; x_wconf 87' lang='lat' dir='ltr'><strong>verbis</strong></span> <span class='ocrx_word' id='word_1_30' title='bbox 960 878 1115 956; x_wconf 81' lang='lat' dir='ltr'><strong>appareat</strong></span> <span class='ocrx_word' id='word_1_31' title='bbox 1137 891 1245 936; x_wconf 85' lang='lat' dir='ltr'><strong>sacro·</strong></span> 
     </span>
     <span class='ocr_line' id='line_1_6' title="bbox 137 972 1244 1060; baseline -0.001 -21"><span class='ocrx_word' id='word_1_32' title='bbox 137 997 209 1039; x_wconf 91' lang='lat' dir='ltr'><strong>rum</strong></span> <span class='ocrx_word' id='word_1_33' title='bbox 232 972 381 1038; x_wconf 89' lang='lat' dir='ltr'><strong>codicum</strong></span> <span class='ocrx_word' id='word_1_34' title='bbox 403 973 582 1040; x_wconf 82' lang='lat' dir='ltr'>versionem</span> <span class='ocrx_word' id='word_1_35' title='bbox 604 973 668 1038; x_wconf 89' lang='lat' dir='ltr'><strong>iam</strong></span> <span class='ocrx_word' id='word_1_36' title='bbox 690 974 828 1060; x_wconf 90' lang='lat' dir='ltr'><strong>septimo</strong></span> <span class='ocrx_word' id='word_1_37' title='bbox 849 974 987 1039; x_wconf 82' lang='lat' dir='ltr'><strong>fortasse</strong></span> <span class='ocrx_word' id='word_1_38' title='bbox 1008 973 1136 1040; x_wconf 84' lang='lat' dir='ltr'><strong>saeculo</strong></span> <span class='ocrx_word' id='word_1_39' title='bbox 1158 973 1244 1060; x_wconf 90' lang='lat' dir='ltr'><strong>apud</strong></span> 
     </span>
     <span class='ocr_line' id='line_1_7' title="bbox 139 1073 1244 1160; baseline -0.001 -15"><span class='ocrx_word' id='word_1_40' title='bbox 139 1077 275 1146; x_wconf 85' lang='lat' dir='ltr'><strong>Sclavos</strong></span> <span class='ocrx_word' id='word_1_41' title='bbox 303 1077 464 1160; x_wconf 81' lang='lat' dir='ltr'><strong>extitisse,</strong></span> <span class='ocrx_word' id='word_1_42' title='bbox 493 1085 526 1142; x_wconf 91' lang='lat' dir='ltr'><strong>et</strong></span> <span class='ocrx_word' id='word_1_43' title='bbox 552 1086 591 1143; x_wconf 91' lang='lat' dir='ltr'><strong>ut</strong></span> <span class='ocrx_word' id='word_1_44' title='bbox 612 1077 734 1144; x_wconf 90' lang='lat' dir='ltr'><strong>codicis</strong></span> <span class='ocrx_word' id='word_1_45' title='bbox 756 1073 903 1144; x_wconf 86' lang='lat' dir='ltr'><strong>Cloziani</strong></span> <span class='ocrx_word' id='word_1_46' title='bbox 924 1077 1115 1143; x_wconf 89' lang='lat' dir='ltr'><strong>anctoritate</strong></span> <span class='ocrx_word' id='word_1_47' title='bbox 1137 1086 1244 1144; x_wconf 87' lang='lat' dir='ltr'><strong>osten·</strong></span> 
     </span>
     <span class='ocr_line' id='line_1_8' title="bbox 138 1180 1243 1268; baseline 0.001 -22"><span class='ocrx_word' id='word_1_48' title='bbox 138 1180 244 1264; x_wconf 87' lang='lat' dir='ltr'><strong>datur,</strong></span> <span class='ocrx_word' id='word_1_49' title='bbox 267 1180 562 1267; x_wconf 87' lang='lat' dir='ltr'><strong>interpretationem</strong></span> <span class='ocrx_word' id='word_1_50' title='bbox 584 1181 674 1247; x_wconf 90' lang='lat' dir='ltr'><strong>illam</strong></span> <span class='ocrx_word' id='word_1_51' title='bbox 696 1181 887 1251; x_wconf 78' lang='lat' dir='ltr'><strong>sclavorum</strong></span> <span class='ocrx_word' id='word_1_52' title='bbox 908 1180 1058 1268; x_wconf 81' lang='lat' dir='ltr'><strong>opinione</strong></span> <span class='ocrx_word' id='word_1_53' title='bbox 1080 1180 1122 1246; x_wconf 89' lang='lat' dir='ltr'><strong>ad</strong></span> <span class='ocrx_word' id='word_1_54' title='bbox 1145 1181 1243 1247; x_wconf 89' lang='lat' dir='ltr'><strong>alium</strong></span> 
     </span>
     <span class='ocr_line' id='line_1_9' title="bbox 136 1283 1244 1372; baseline 0.001 -23"><span class='ocrx_word' id='word_1_55' title='bbox 136 1286 257 1350; x_wconf 88' lang='lat' dir='ltr'><strong>nullum</strong></span> <span class='ocrx_word' id='word_1_56' title='bbox 272 1283 488 1350; x_wconf 83' lang='lat' dir='ltr'><strong>reducendam</strong></span> <span class='ocrx_word' id='word_1_57' title='bbox 502 1305 573 1350; x_wconf 88' lang='lat' dir='ltr'><strong>esse</strong></span> <span class='ocrx_word' id='word_1_58' title='bbox 586 1285 649 1350; x_wconf 88' lang='lat' dir='ltr'><strong>nisi</strong></span> <span class='ocrx_word' id='word_1_59' title='bbox 665 1285 709 1351; x_wconf 92' lang='lat' dir='ltr'><strong>ad</strong></span> <span class='ocrx_word' id='word_1_60' title='bbox 723 1285 880 1354; x_wconf 89' lang='lat' dir='ltr'><strong>Sanctum</strong></span> <span class='ocrx_word' id='word_1_61' title='bbox 894 1283 1139 1372; x_wconf 88' lang='lat' dir='ltr'><strong>Hieronymum.</strong></span> <span class='ocrx_word' id='word_1_62' title='bbox 1172 1284 1244 1350; x_wconf 89' lang='lat' dir='ltr'><strong>Iam</strong></span> 
     </span>
     <span class='ocr_line' id='line_1_10' title="bbox 136 1387 1244 1476; baseline 0.003 -26"><span class='ocrx_word' id='word_1_63' title='bbox 136 1413 212 1455; x_wconf 90' lang='lat' dir='ltr'><strong>vero</strong></span> <span class='ocrx_word' id='word_1_64' title='bbox 235 1388 298 1454; x_wconf 88' lang='lat' dir='ltr'><strong>alia</strong></span> <span class='ocrx_word' id='word_1_65' title='bbox 319 1387 477 1472; x_wconf 85' lang='lat' dir='ltr'><strong>quaedam</strong></span> <span class='ocrx_word' id='word_1_66' title='bbox 499 1388 683 1454; x_wconf 86' lang='lat' dir='ltr'><strong>testimonia</strong></span> <span class='ocrx_word' id='word_1_67' title='bbox 699 1389 793 1456; x_wconf 90' lang='lat' dir='ltr'><strong>nobis</strong></span> <span class='ocrx_word' id='word_1_68' title='bbox 808 1387 970 1455; x_wconf 87' lang='lat' dir='ltr'><strong>afferenda</strong></span> <span class='ocrx_word' id='word_1_69' title='bbox 984 1395 1071 1472; x_wconf 90' lang='lat' dir='ltr'><strong>sunt,</strong></span> <span class='ocrx_word' id='word_1_70' title='bbox 1093 1410 1157 1474; x_wconf 89' lang='lat' dir='ltr'><strong>quo</strong></span> <span class='ocrx_word' id='word_1_71' title='bbox 1172 1389 1244 1476; x_wconf 91' lang='lat' dir='ltr'><strong>plu-</strong></span> 
     </span>
     <span class='ocr_line' id='line_1_11' title="bbox 135 1493 658 1580; baseline 0 -22"><span class='ocrx_word' id='word_1_72' title='bbox 135 1493 224 1558; x_wconf 87' lang='lat' dir='ltr'><strong>ribus</strong></span> <span class='ocrx_word' id='word_1_73' title='bbox 246 1493 443 1580; x_wconf 82' lang='lat' dir='ltr'><strong>argumentis</strong></span> <span class='ocrx_word' id='word_1_74' title='bbox 464 1493 658 1560; x_wconf 85' lang='lat' dir='ltr'><strong>insistamus.</strong></span> 
     </span>
    </p>

    <p class='ocr_par' dir='ltr' id='par_1_3' title="bbox 223 1595 1244 1684">
     <span class='ocr_line' id='line_1_12' title="bbox 223 1595 1244 1684; baseline -0.003 -21"><span class='ocrx_word' id='word_1_75' title='bbox 223 1597 352 1664; x_wconf 84' lang='lat' dir='ltr'><strong>Etenim</strong></span> <span class='ocrx_word' id='word_1_76' title='bbox 375 1595 416 1662; x_wconf 91' lang='lat' dir='ltr'><strong>de</strong></span> <span class='ocrx_word' id='word_1_77' title='bbox 439 1595 475 1664; x_wconf 86' lang='lat' dir='ltr'><strong>S.</strong></span> <span class='ocrx_word' id='word_1_78' title='bbox 491 1596 691 1684; x_wconf 88' lang='lat' dir='ltr'><strong>Hieronymo</strong></span> <span class='ocrx_word' id='word_1_79' title='bbox 707 1595 972 1665; x_wconf 87' lang='lat' dir='ltr'><strong>Sclavenicarum</strong></span> <span class='ocrx_word' id='word_1_80' title='bbox 993 1595 1244 1668; x_wconf 85' lang='lat' dir='ltr'><strong>litterarnmin-</strong></span> 
     </span>
    </p>
   </div>
   <div class='ocr_carea' id='block_1_3' title="bbox 134 1697 1244 2409">
    <p class='ocr_par' dir='ltr' id='par_1_4' title="bbox 134 1697 1244 2285">
     <span class='ocr_line' id='line_1_13' title="bbox 135 1697 1244 1788; baseline -0.003 -22"><span class='ocrx_word' id='word_1_81' title='bbox 135 1710 266 1768; x_wconf 82' lang='lat' dir='ltr'><strong>ventare</strong></span> <span class='ocrx_word' id='word_1_82' title='bbox 286 1701 427 1767; x_wconf 88' lang='lat' dir='ltr'><strong>dubitari</strong></span> <span class='ocrx_word' id='word_1_83' title='bbox 449 1709 560 1766; x_wconf 82' lang='lat' dir='ltr'><strong>vetant</strong></span> <span class='ocrx_word' id='word_1_84' title='bbox 581 1702 736 1788; x_wconf 85' lang='lat' dir='ltr'><strong>epistolae</strong></span> <span class='ocrx_word' id='word_1_85' title='bbox 757 1697 960 1788; x_wconf 81' lang='lat' dir='ltr'><strong>pontificum:</strong></span> <span class='ocrx_word' id='word_1_86' title='bbox 989 1699 1170 1765; x_wconf 90' lang='lat' dir='ltr'><strong>Innocentii</strong></span> <span class='ocrx_word' id='word_1_87' title='bbox 1181 1699 1244 1781; x_wconf 90' lang='lat' dir='ltr'><strong>IV,</strong></span> 
     </span>
     <span class='ocr_line' id='line_1_14' title="bbox 135 1802 1244 1890; baseline -0.003 -19"><span class='ocrx_word' id='word_1_88' title='bbox 135 1803 444 1887; x_wconf 56' lang='lat' dir='ltr'><strong>Clementisvlflu,</strong></span> <span class='ocrx_word' id='word_1_89' title='bbox 455 1804 551 1869; x_wconf 89' lang='lat' dir='ltr'><strong>Pauli</strong></span> <span class='ocrx_word' id='word_1_90' title='bbox 560 1805 672 1890; x_wconf 63' lang='lat' dir='ltr'><strong>Hm),</strong></span> <span class='ocrx_word' id='word_1_91' title='bbox 683 1805 810 1872; x_wconf 91' lang='lat' dir='ltr'><strong>Urbani</strong></span> <span class='ocrx_word' id='word_1_92' title='bbox 817 1804 914 1886; x_wconf 89' lang='lat' dir='ltr'>VIII,</span> <span class='ocrx_word' id='word_1_93' title='bbox 927 1802 1103 1869; x_wconf 88' lang='lat' dir='ltr'><strong>Clementis</strong></span> <span class='ocrx_word' id='word_1_94' title='bbox 1112 1803 1244 1886; x_wconf 56' lang='grc' dir='ltr'><strong>ΧΨ),</strong></span> 
     </span>
     <span class='ocr_line' id='line_1_15' title="bbox 135 1906 1242 1992; baseline -0.001 -20"><span class='ocrx_word' id='word_1_95' title='bbox 135 1908 317 1975; x_wconf 84' lang='lat' dir='ltr'><strong>innocentii</strong></span> <span class='ocrx_word' id='word_1_96' title='bbox 338 1907 385 1990; x_wconf 91' lang='lat' dir='ltr'><strong>X,</strong></span> <span class='ocrx_word' id='word_1_97' title='bbox 407 1906 577 1972; x_wconf 83' lang='lat' dir='ltr'><strong>Benedicti</strong></span> <span class='ocrx_word' id='word_1_98' title='bbox 598 1907 688 1973; x_wconf 90' lang='lat' dir='ltr'>XIII</span> <span class='ocrx_word' id='word_1_99' title='bbox 700 1911 769 1992; x_wconf 78' lang='lat'><strong>⁴⁷⁶),</strong></span> <span class='ocrx_word' id='word_1_100' title='bbox 793 1907 929 1992; x_wconf 85' lang='lat' dir='ltr'><strong>denique</strong></span> <span class='ocrx_word' id='word_1_101' title='bbox 950 1906 1122 1972; x_wconf 85' lang='lat' dir='ltr'><strong>Benedicti</strong></span> <span class='ocrx_word' id='word_1_102' title='bbox 1143 1906 1242 1974; x_wconf 87' lang='lat' dir='ltr'>XIV.</span> 
     </span>
     <span class='ocr_line' id='line_1_16' title="bbox 138 2008 1244 2096; baseline 0 -20"><span class='ocrx_word' id='word_1_103' title='bbox 138 2010 249 2094; x_wconf 82' lang='lat' dir='ltr'><strong>Quare</strong></span> <span class='ocrx_word' id='word_1_104' title='bbox 275 2011 363 2077; x_wconf 91' lang='lat' dir='ltr'><strong>haud</strong></span> <span class='ocrx_word' id='word_1_105' title='bbox 389 2010 534 2096; x_wconf 90' lang='lat' dir='ltr'><strong>iniquum</strong></span> <span class='ocrx_word' id='word_1_106' title='bbox 560 2019 617 2075; x_wconf 90' lang='lat' dir='ltr'><strong>aut</strong></span> <span class='ocrx_word' id='word_1_107' title='bbox 638 2010 680 2077; x_wconf 92' lang='lat' dir='ltr'><strong>ab</strong></span> <span class='ocrx_word' id='word_1_108' title='bbox 702 2033 738 2076; x_wconf 89' lang='lat' dir='ltr'><strong>re</strong></span> <span class='ocrx_word' id='word_1_109' title='bbox 760 2011 899 2076; x_wconf 89' lang='lat' dir='ltr'><strong>alienum</strong></span> <span class='ocrx_word' id='word_1_110' title='bbox 921 2032 993 2076; x_wconf 87' lang='lat' dir='ltr'><strong>esse</strong></span> <span class='ocrx_word' id='word_1_111' title='bbox 1012 2008 1158 2094; x_wconf 85' lang='lat' dir='ltr'><strong>videtur,</strong></span> <span class='ocrx_word' id='word_1_112' title='bbox 1187 2033 1244 2077; x_wconf 88' lang='lat' dir='ltr'><strong>eos</strong></span> 
     </span>
     <span class='ocr_line' id='line_1_17' title="bbox 136 2112 1244 2201; baseline 0.001 -22"><span class='ocrx_word' id='word_1_113' title='bbox 136 2115 344 2200; x_wconf 88' lang='lat' dir='ltr'><strong>epistolarum</strong></span> <span class='ocrx_word' id='word_1_114' title='bbox 364 2116 454 2181; x_wconf 90' lang='lat' dir='ltr'><strong>locos</strong></span> <span class='ocrx_word' id='word_1_115' title='bbox 475 2112 529 2180; x_wconf 93' lang='lat' dir='ltr'><strong>hic</strong></span> <span class='ocrx_word' id='word_1_116' title='bbox 551 2136 730 2200; x_wconf 90' lang='lat' dir='ltr'><strong>apponere,</strong></span> <span class='ocrx_word' id='word_1_117' title='bbox 753 2116 809 2200; x_wconf 78' lang='lat' dir='ltr'><strong>qni</strong></span> <span class='ocrx_word' id='word_1_118' title='bbox 832 2114 940 2201; x_wconf 86' lang='lat' dir='ltr'><strong>paullo</strong></span> <span class='ocrx_word' id='word_1_119' title='bbox 957 2114 1110 2180; x_wconf 89' lang='lat' dir='ltr'><strong>maiorem</strong></span> <span class='ocrx_word' id='word_1_120' title='bbox 1132 2123 1244 2180; x_wconf 87' lang='lat' dir='ltr'><strong>ancto-</strong></span> 
     </span>
     <span class='ocr_line' id='line_1_18' title="bbox 134 2218 1242 2285; baseline 0.004 -2"><span class='ocrx_word' id='word_1_121' title='bbox 134 2219 264 2284; x_wconf 87' lang='lat' dir='ltr'><strong>ritatem</strong></span> <span class='ocrx_word' id='word_1_122' title='bbox 285 2218 414 2285; x_wconf 84' lang='lat' dir='ltr'><strong>habent</strong></span> <span class='ocrx_word' id='word_1_123' title='bbox 1238 2260 1242 2267; x_wconf 92' lang='lat'>·</span> 
     </span>
    </p>

    <p class='ocr_par' dir='ltr' id='par_1_5' title="bbox 226 2320 1243 2409">
     <span class='ocr_line' id='line_1_19' title="bbox 226 2320 1243 2409; baseline -0.001 -19"><span class='ocrx_word' id='word_1_124' title='bbox 226 2323 255 2390; x_wconf 88' lang='lat' dir='ltr'><strong>l.</strong></span> <span class='ocrx_word' id='word_1_125' title='bbox 300 2321 568 2389; x_wconf 86' lang='lat' dir='ltr'><strong>Innocentius</strong></span> <span class='ocrx_word' id='word_1_126' title='bbox 597 2323 664 2389; x_wconf 90' lang='lat' dir='ltr'><strong>IV.</strong></span> <span class='ocrx_word' id='word_1_127' title='bbox 687 2323 742 2389; x_wconf 90' lang='lat' dir='ltr'><strong>lib.</strong></span> <span class='ocrx_word' id='word_1_128' title='bbox 767 2326 797 2391; x_wconf 77' lang='lat'><strong>5.</strong></span> <span class='ocrx_word' id='word_1_129' title='bbox 832 2321 972 2409; x_wconf 83' lang='lat' dir='ltr'><strong>Epistol.</strong></span> <span class='ocrx_word' id='word_1_130' title='bbox 996 2324 1072 2391; x_wconf 80' lang='lat'><strong>752.</strong></span> <span class='ocrx_word' id='word_1_131' title='bbox 1090 2323 1146 2407; x_wconf 69' lang='lat'><strong>⁴¹²)</strong></span> <span class='ocrx_word' id='word_1_132' title='bbox 1183 2320 1243 2390; x_wconf 87' lang='lat' dir='ltr'><strong>Se·</strong></span> 
     </span>
    </p>
   </div>
   <div class='ocr_carea' id='block_1_4' title="bbox 133 2424 1243 3343">
    <p class='ocr_par' dir='ltr' id='par_1_6' title="bbox 133 2424 1243 3343">
     <span class='ocr_line' id='line_1_20' title="bbox 134 2424 1243 2512; baseline -0.001 -21"><span class='ocrx_word' id='word_1_133' title='bbox 134 2427 305 2511; x_wconf 69' lang='lat' dir='ltr'><strong>niensi⁴⁷⁸l</strong></span> <span class='ocrx_word' id='word_1_134' title='bbox 328 2427 498 2512; x_wconf 83' lang='lat' dir='ltr'><strong>episcopo,</strong></span> <span class='ocrx_word' id='word_1_135' title='bbox 525 2434 562 2491; x_wconf 90' lang='lat' dir='ltr'><strong>ut</strong></span> <span class='ocrx_word' id='word_1_136' title='bbox 588 2428 622 2491; x_wconf 92' lang='lat' dir='ltr'><strong>in</strong></span> <span class='ocrx_word' id='word_1_137' title='bbox 644 2427 774 2492; x_wconf 88' lang='lat' dir='ltr'><strong>Divinis</strong></span> <span class='ocrx_word' id='word_1_138' title='bbox 800 2426 916 2491; x_wconf 86' lang='lat' dir='ltr'><strong>officiis</strong></span> <span class='ocrx_word' id='word_1_139' title='bbox 937 2427 1027 2492; x_wconf 92' lang='lat' dir='ltr'><strong>libris</strong></span> <span class='ocrx_word' id='word_1_140' title='bbox 1049 2424 1243 2495; x_wconf 87' lang='lat' dir='ltr'><strong>Sclavenico</strong></span> 
     </span>
     <span class='ocr_line' id='line_1_21' title="bbox 135 2529 1242 2616; baseline -0.002 -20"><span class='ocrx_word' id='word_1_141' title='bbox 135 2530 322 2597; x_wconf 85' lang='lat' dir='ltr'><strong>charactere</strong></span> <span class='ocrx_word' id='word_1_142' title='bbox 344 2529 483 2597; x_wconf 83' lang='lat' dir='ltr'><strong>exaratis</strong></span> <span class='ocrx_word' id='word_1_143' title='bbox 503 2538 648 2596; x_wconf 91' lang='lat' dir='ltr'><strong>uteretur</strong></span> <span class='ocrx_word' id='word_1_144' title='bbox 667 2530 718 2596; x_wconf 87' lang='lat' dir='ltr'><strong>his</strong></span> <span class='ocrx_word' id='word_1_145' title='bbox 740 2529 847 2596; x_wconf 90' lang='lat' dir='ltr'><strong>verbis</strong></span> <span class='ocrx_word' id='word_1_146' title='bbox 872 2529 1033 2616; x_wconf 83' lang='lat' dir='ltr'><strong>permisit:</strong></span> <span class='ocrx_word' id='word_1_147' title='bbox 1064 2529 1242 2613; x_wconf 85' lang='lat' dir='ltr'><strong>„Porrecta</strong></span> 
     </span>
     <span class='ocr_line' id='line_1_22' title="bbox 134 2632 1243 2722; baseline -0.005 -21"><span class='ocrx_word' id='word_1_148' title='bbox 134 2636 228 2702; x_wconf 91' lang='lat' dir='ltr'><strong>nobis</strong></span> <span class='ocrx_word' id='word_1_149' title='bbox 250 2644 308 2700; x_wconf 91' lang='lat' dir='ltr'><strong>tua</strong></span> <span class='ocrx_word' id='word_1_150' title='bbox 329 2635 444 2722; x_wconf 87' lang='lat' dir='ltr'><strong>petitio</strong></span> <span class='ocrx_word' id='word_1_151' title='bbox 467 2634 662 2717; x_wconf 87' lang='lat' dir='ltr'><strong>continebat,</strong></span> <span class='ocrx_word' id='word_1_152' title='bbox 684 2632 790 2718; x_wconf 90' lang='lat' dir='ltr'><strong>quod</strong></span> <span class='ocrx_word' id='word_1_153' title='bbox 812 2633 853 2698; x_wconf 91' lang='lat' dir='ltr'><strong>in</strong></span> <span class='ocrx_word' id='word_1_154' title='bbox 875 2632 1066 2701; x_wconf 82' lang='lat' dir='ltr'><strong>Slavonia</strong></span> <span class='ocrx_word' id='word_1_155' title='bbox 1088 2639 1150 2698; x_wconf 89' lang='lat' dir='ltr'><strong>est</strong></span> <span class='ocrx_word' id='word_1_156' title='bbox 1170 2632 1243 2698; x_wconf 91' lang='lat' dir='ltr'><strong>Iit·</strong></span> 
     </span>
     <span class='ocr_line' id='line_1_23' title="bbox 136 2734 1242 2826; baseline -0.005 -21"><span class='ocrx_word' id='word_1_157' title='bbox 136 2750 222 2806; x_wconf 89' lang='lat' dir='ltr'><strong>tera</strong></span> <span class='ocrx_word' id='word_1_158' title='bbox 249 2739 462 2826; x_wconf 89' lang='lat' dir='ltr'><strong>specialis,</strong></span> <span class='ocrx_word' id='word_1_159' title='bbox 492 2760 606 2824; x_wconf 91' lang='lat' dir='ltr'><strong>quam</strong></span> <span class='ocrx_word' id='word_1_160' title='bbox 634 2738 749 2803; x_wconf 86' lang='lat' dir='ltr'><strong>illius</strong></span> <span class='ocrx_word' id='word_1_161' title='bbox 778 2744 909 2803; x_wconf 90' lang='lat' dir='ltr'><strong>terrae</strong></span> <span class='ocrx_word' id='word_1_162' title='bbox 939 2736 1085 2804; x_wconf 89' lang='lat' dir='ltr'><strong>clerici</strong></span> <span class='ocrx_word' id='word_1_163' title='bbox 1107 2758 1149 2802; x_wconf 90' lang='lat' dir='ltr'><strong>se</strong></span> <span class='ocrx_word' id='word_1_164' title='bbox 1167 2734 1242 2800; x_wconf 84' lang='lat' dir='ltr'><strong>ha·</strong></span> 
     </span>
     <span class='ocr_line' id='line_1_24' title="bbox 135 2841 1243 2931; baseline -0.006 -21"><span class='ocrx_word' id='word_1_165' title='bbox 135 2844 227 2911; x_wconf 90' lang='lat' dir='ltr'><strong>bere</strong></span> <span class='ocrx_word' id='word_1_166' title='bbox 250 2867 270 2909; x_wconf 93' lang='lat' dir='ltr'><strong>a</strong></span> <span class='ocrx_word' id='word_1_167' title='bbox 290 2844 330 2909; x_wconf 93' lang='lat' dir='ltr'><strong>B.</strong></span> <span class='ocrx_word' id='word_1_168' title='bbox 354 2845 605 2931; x_wconf 86' lang='lat' dir='ltr'><strong>Hieronymo</strong></span> <span class='ocrx_word' id='word_1_169' title='bbox 634 2850 883 2924; x_wconf 81' lang='lat' dir='ltr'><strong>asserentes,</strong></span> <span class='ocrx_word' id='word_1_170' title='bbox 915 2863 998 2906; x_wconf 90' lang='lat' dir='ltr'><strong>eam</strong></span> <span class='ocrx_word' id='word_1_171' title='bbox 1021 2841 1243 2907; x_wconf 88' lang='lat' dir='ltr'><strong>observant</strong></span> 
     </span>
     <span class='ocr_line' id='line_1_25' title="bbox 135 2942 1243 3013; baseline -0.005 -1"><span class='ocrx_word' id='word_1_172' title='bbox 135 2949 175 3012; x_wconf 92' lang='lat' dir='ltr'><strong>in</strong></span> <span class='ocrx_word' id='word_1_173' title='bbox 196 2947 361 3013; x_wconf 90' lang='lat' dir='ltr'><strong>Divinis</strong></span> <span class='ocrx_word' id='word_1_174' title='bbox 389 2947 553 3013; x_wconf 80' lang='lat' dir='ltr'><strong>officiis</strong></span> <span class='ocrx_word' id='word_1_175' title='bbox 580 2944 852 3012; x_wconf 87' lang='lat' dir='ltr'><strong>celebrandis.</strong></span> <span class='ocrx_word' id='word_1_176' title='bbox 897 2942 996 3010; x_wconf 90' lang='lat' dir='ltr'><strong>Unde</strong></span> <span class='ocrx_word' id='word_1_177' title='bbox 1023 2953 1062 3009; x_wconf 88' lang='lat' dir='ltr'><strong>ut</strong></span> <span class='ocrx_word' id='word_1_178' title='bbox 1087 2944 1150 3008; x_wconf 85' lang='lat' dir='ltr'><strong>illis</strong></span> <span class='ocrx_word' id='word_1_179' title='bbox 1172 2943 1243 3008; x_wconf 88' lang='lat' dir='ltr'><strong>effi-</strong></span> 
     </span>
     <span class='ocr_line' id='line_1_26' title="bbox 136 3047 1242 3134; baseline -0.004 -18"><span class='ocrx_word' id='word_1_180' title='bbox 136 3051 232 3116; x_wconf 89' lang='lat' dir='ltr'><strong>ciaris</strong></span> <span class='ocrx_word' id='word_1_181' title='bbox 260 3050 448 3133; x_wconf 77' lang='lat' dir='ltr'><strong>conformis,</strong></span> <span class='ocrx_word' id='word_1_182' title='bbox 477 3058 511 3115; x_wconf 90' lang='lat' dir='ltr'><strong>et</strong></span> <span class='ocrx_word' id='word_1_183' title='bbox 538 3057 643 3115; x_wconf 90' lang='lat' dir='ltr'><strong>terrae</strong></span> <span class='ocrx_word' id='word_1_184' title='bbox 671 3048 950 3132; x_wconf 90' lang='lat' dir='ltr'><strong>consuetudinem,</strong></span> <span class='ocrx_word' id='word_1_185' title='bbox 982 3048 1015 3113; x_wconf 91' lang='lat' dir='ltr'><strong>in</strong></span> <span class='ocrx_word' id='word_1_186' title='bbox 1044 3071 1108 3134; x_wconf 89' lang='lat' dir='ltr'><strong>qua</strong></span> <span class='ocrx_word' id='word_1_187' title='bbox 1130 3047 1242 3113; x_wconf 84' lang='lat' dir='ltr'><strong>existis</strong></span> 
     </span>
     <span class='ocr_line' id='line_1_27' title="bbox 135 3148 1242 3240; baseline -0.002 -22"><span class='ocrx_word' id='word_1_188' title='bbox 135 3153 305 3240; x_wconf 87' lang='lat' dir='ltr'><strong>episcopus</strong></span> <span class='ocrx_word' id='word_1_189' title='bbox 326 3152 476 3236; x_wconf 88' lang='lat' dir='ltr'><strong>imiteris,</strong></span> <span class='ocrx_word' id='word_1_190' title='bbox 506 3151 688 3218; x_wconf 87' lang='lat' dir='ltr'><strong>celebrandi</strong></span> <span class='ocrx_word' id='word_1_191' title='bbox 704 3150 826 3216; x_wconf 84' lang='lat' dir='ltr'><strong>Divina</strong></span> <span class='ocrx_word' id='word_1_192' title='bbox 847 3151 1022 3217; x_wconf 85' lang='lat' dir='ltr'><strong>secundum</strong></span> <span class='ocrx_word' id='word_1_193' title='bbox 1045 3152 1165 3217; x_wconf 83' lang='lat' dir='ltr'><strong>dictam</strong></span> <span class='ocrx_word' id='word_1_194' title='bbox 1188 3148 1242 3217; x_wconf 85' lang='lat' dir='ltr'><strong>lit·</strong></span> 
     </span>
     <span class='ocr_line' id='line_1_28' title="bbox 133 3254 1240 3343; baseline -0.001 -23"><span class='ocrx_word' id='word_1_195' title='bbox 133 3265 236 3321; x_wconf 89' lang='lat' dir='ltr'><strong>teram</strong></span> <span class='ocrx_word' id='word_1_196' title='bbox 260 3278 280 3322; x_wconf 85' lang='lat' dir='ltr'><strong>a</strong></span> <span class='ocrx_word' id='word_1_197' title='bbox 300 3254 407 3322; x_wconf 86' lang='lat' dir='ltr'><strong>Nobis</strong></span> <span class='ocrx_word' id='word_1_198' title='bbox 428 3255 615 3342; x_wconf 87' lang='lat' dir='ltr'><strong>suppliciter</strong></span> <span class='ocrx_word' id='word_1_199' title='bbox 636 3254 799 3321; x_wconf 89' lang='lat' dir='ltr'><strong>licentiam</strong></span> <span class='ocrx_word' id='word_1_200' title='bbox 820 3255 1002 3342; x_wconf 86' lang='lat' dir='ltr'><strong>postulasti.</strong></span> <span class='ocrx_word' id='word_1_201' title='bbox 1045 3254 1118 3322; x_wconf 89' lang='lat' dir='ltr'><strong>Nos</strong></span> <span class='ocrx_word' id='word_1_202' title='bbox 1139 3255 1240 3343; x_wconf 83' lang='lat' dir='ltr'><strong>igitur</strong></span> 
     </span>
    </p>
   </div>
   <div class='ocr_carea' id='block_1_5' title="bbox 134 3435 1318 4281">
    <p class='ocr_par' dir='ltr' id='par_1_7' title="bbox 205 3435 686 3502">
     <span class='ocr_line' id='line_1_29' title="bbox 205 3435 686 3502; baseline 0.004 -16"><span class='ocrx_word' id='word_1_203' title='bbox 205 3435 275 3499; x_wconf 75' lang='lat' dir='ltr'><strong>tra&gt;</strong></span> <span class='ocrx_word' id='word_1_204' title='bbox 293 3437 340 3488; x_wconf 84' lang='lat' dir='ltr'><strong>cfr.</strong></span> <span class='ocrx_word' id='word_1_205' title='bbox 358 3437 471 3488; x_wconf 86' lang='lat' dir='ltr'><strong>Dobner.</strong></span> <span class='ocrx_word' id='word_1_206' title='bbox 490 3436 507 3486; x_wconf 93' lang='lat' dir='ltr'><strong>I.</strong></span> <span class='ocrx_word' id='word_1_207' title='bbox 520 3452 542 3487; x_wconf 90' lang='lat' dir='ltr'><strong>c.</strong></span> <span class='ocrx_word' id='word_1_208' title='bbox 554 3451 612 3502; x_wconf 82' lang='lat' dir='ltr'><strong>pag.</strong></span> <span class='ocrx_word' id='word_1_209' title='bbox 628 3436 686 3488; x_wconf 94' lang='grc'><strong>122.</strong></span> 
     </span>
    </p>

    <p class='ocr_par' dir='ltr' id='par_1_8' title="bbox 206 3522 789 3588">
     <span class='ocr_line' id='line_1_30' title="bbox 206 3522 789 3588; baseline 0 -15"><span class='ocrx_word' id='word_1_210' title='bbox 206 3522 274 3585; x_wconf 81' lang='grc'>474)</span> <span class='ocrx_word' id='word_1_211' title='bbox 294 3524 340 3575; x_wconf 83' lang='lat' dir='ltr'><strong>cfr.</strong></span> <span class='ocrx_word' id='word_1_212' title='bbox 358 3525 445 3574; x_wconf 86' lang='lat' dir='ltr'><strong>Rocca</strong></span> <span class='ocrx_word' id='word_1_213' title='bbox 461 3523 478 3574; x_wconf 90' lang='grc'><strong>1.</strong></span> <span class='ocrx_word' id='word_1_214' title='bbox 491 3538 513 3573; x_wconf 80' lang='lat' dir='ltr'><strong>c</strong></span> <span class='ocrx_word' id='word_1_215' title='bbox 531 3538 590 3588; x_wconf 82' lang='lat' dir='ltr'><strong>pag.</strong></span> <span class='ocrx_word' id='word_1_216' title='bbox 603 3523 664 3574; x_wconf 83' lang='grc'><strong>216.</strong></span> <span class='ocrx_word' id='word_1_217' title='bbox 683 3532 744 3576; x_wconf 81' lang='lat' dir='ltr'><strong>tom</strong></span> <span class='ocrx_word' id='word_1_218' title='bbox 757 3525 789 3575; x_wconf 91' lang='grc' dir='ltr'><strong>Π.</strong></span> 
     </span>
    </p>

    <p class='ocr_par' dir='ltr' id='par_1_9' title="bbox 205 3608 685 3675">
     <span class='ocr_line' id='line_1_31' title="bbox 205 3608 685 3675; baseline 0.004 -15"><span class='ocrx_word' id='word_1_219' title='bbox 205 3608 274 3672; x_wconf 81' lang='grc'>475)</span> <span class='ocrx_word' id='word_1_220' title='bbox 293 3611 338 3662; x_wconf 82' lang='lat' dir='ltr'><strong>cfr.</strong></span> <span class='ocrx_word' id='word_1_221' title='bbox 357 3611 470 3661; x_wconf 90' lang='lat' dir='ltr'><strong>chner.</strong></span> <span class='ocrx_word' id='word_1_222' title='bbox 488 3609 505 3660; x_wconf 94' lang='lat' dir='ltr'><strong>I.</strong></span> <span class='ocrx_word' id='word_1_223' title='bbox 516 3625 538 3660; x_wconf 89' lang='lat' dir='ltr'><strong>c.</strong></span> <span class='ocrx_word' id='word_1_224' title='bbox 556 3626 615 3675; x_wconf 83' lang='lat' dir='ltr'><strong>pag.</strong></span> <span class='ocrx_word' id='word_1_225' title='bbox 626 3610 685 3662; x_wconf 89' lang='grc'><strong>122.</strong></span> 
     </span>
    </p>

    <p class='ocr_par' dir='ltr' id='par_1_10' title="bbox 205 3693 686 3763">
     <span class='ocr_line' id='line_1_32' title="bbox 205 3693 686 3763; baseline 0.012 -19"><span class='ocrx_word' id='word_1_226' title='bbox 205 3693 275 3756; x_wconf 81' lang='grc'><strong>176)</strong></span> <span class='ocrx_word' id='word_1_227' title='bbox 294 3697 340 3748; x_wconf 79' lang='lat' dir='ltr'><strong>cfr.</strong></span> <span class='ocrx_word' id='word_1_228' title='bbox 357 3698 471 3749; x_wconf 88' lang='lat' dir='ltr'><strong>Dobner.</strong></span> <span class='ocrx_word' id='word_1_229' title='bbox 489 3697 539 3747; x_wconf 91' lang='lat' dir='ltr'><strong>I.c.</strong></span> <span class='ocrx_word' id='word_1_230' title='bbox 557 3713 616 3763; x_wconf 81' lang='lat' dir='ltr'><strong>pag.</strong></span> <span class='ocrx_word' id='word_1_231' title='bbox 628 3697 686 3750; x_wconf 93' lang='grc'><strong>122.</strong></span> 
     </span>
    </p>

    <p class='ocr_par' dir='ltr' id='par_1_11' title="bbox 135 3779 1318 3919">
     <span class='ocr_line' id='line_1_33' title="bbox 204 3779 1318 3869; baseline -0.004 -35"><span class='ocrx_word' id='word_1_232' title='bbox 204 3780 273 3843; x_wconf 77' lang='grc'>477)</span> <span class='ocrx_word' id='word_1_233' title='bbox 292 3786 360 3849; x_wconf 87' lang='lat' dir='ltr'><strong>apud</strong></span> <span class='ocrx_word' id='word_1_234' title='bbox 382 3785 541 3849; x_wconf 83' lang='lat' dir='ltr'><strong>Raynaldum</strong></span> <span class='ocrx_word' id='word_1_235' title='bbox 563 3786 590 3834; x_wconf 94' lang='lat' dir='ltr'><strong>in</strong></span> <span class='ocrx_word' id='word_1_236' title='bbox 611 3785 754 3836; x_wconf 81' lang='lat' dir='ltr'><strong>Annalibus</strong></span> <span class='ocrx_word' id='word_1_237' title='bbox 778 3785 963 3837; x_wconf 84' lang='lat' dir='ltr'><strong>Ecclesiasticis</strong></span> <span class='ocrx_word' id='word_1_238' title='bbox 987 3783 1020 3833; x_wconf 88' lang='lat' dir='ltr'><strong>ad</strong></span> <span class='ocrx_word' id='word_1_239' title='bbox 1042 3797 1139 3832; x_wconf 90' lang='lat' dir='ltr'><strong>annum</strong></span> <span class='ocrx_word' id='word_1_240' title='bbox 1163 3779 1240 3832; x_wconf 81' lang='grc'><strong>1248.</strong></span> <span class='ocrx_word' id='word_1_241' title='bbox 1308 3848 1318 3869; x_wconf 50' lang='grc'><strong><em>,</em></strong></span> 
     </span>
     <span class='ocr_line' id='line_1_34' title="bbox 135 3869 273 3919; baseline 0 0"><span class='ocrx_word' id='word_1_242' title='bbox 135 3885 204 3919; x_wconf 83' lang='lat' dir='ltr'><strong>num.</strong></span> <span class='ocrx_word' id='word_1_243' title='bbox 217 3869 273 3919; x_wconf 90' lang='lat' dir='ltr'>LII.</span> 
     </span>
    </p>

    <p class='ocr_par' dir='ltr' id='par_1_12' title="bbox 134 3953 1240 4281">
     <span class='ocr_line' id='line_1_35' title="bbox 204 3953 1240 4022; baseline 0 -16"><span class='ocrx_word' id='word_1_244' title='bbox 204 3953 275 4018; x_wconf 80' lang='grc'>478)</span> <span class='ocrx_word' id='word_1_245' title='bbox 294 3954 337 4006; x_wconf 89' lang='lat' dir='ltr'><strong>Sic</strong></span> <span class='ocrx_word' id='word_1_246' title='bbox 359 3971 418 4006; x_wconf 87' lang='lat' dir='ltr'><strong>cnm</strong></span> <span class='ocrx_word' id='word_1_247' title='bbox 440 3958 571 4008; x_wconf 84' lang='lat' dir='ltr'><strong>Dobroric</strong></span> <span class='ocrx_word' id='word_1_248' title='bbox 593 3955 755 4022; x_wconf 81' lang='lat' dir='ltr'><strong>(Glagclitic.</strong></span> <span class='ocrx_word' id='word_1_249' title='bbox 768 3973 836 4022; x_wconf 77' lang='lat' dir='ltr'><strong>pag.</strong></span> <span class='ocrx_word' id='word_1_250' title='bbox 856 3955 916 4020; x_wconf 80' lang='lat' dir='ltr'><strong>tt.)</strong></span> <span class='ocrx_word' id='word_1_251' title='bbox 937 3958 1074 4022; x_wconf 77' lang='lat' dir='ltr'><strong>legendum</strong></span> <span class='ocrx_word' id='word_1_252' title='bbox 1095 3971 1142 4020; x_wconf 89' lang='lat' dir='ltr'><strong>pro</strong></span> <span class='ocrx_word' id='word_1_253' title='bbox 1166 3955 1240 4006; x_wconf 79' lang='lat' dir='ltr'><strong>Sce-</strong></span> 
     </span>
     <span class='ocr_line' id='line_1_36' title="bbox 135 4039 1240 4108; baseline 0.001 -17"><span class='ocrx_word' id='word_1_254' title='bbox 135 4043 236 4092; x_wconf 85' lang='lat' dir='ltr'><strong>mensi</strong></span> <span class='ocrx_word' id='word_1_255' title='bbox 254 4044 323 4106; x_wconf 84' lang='lat' dir='ltr'><strong>qnod</strong></span> <span class='ocrx_word' id='word_1_256' title='bbox 341 4044 448 4108; x_wconf 83' lang='lat' dir='ltr'><strong>epistola</strong></span> <span class='ocrx_word' id='word_1_257' title='bbox 463 4045 510 4095; x_wconf 88' lang='lat' dir='ltr'><strong>illa</strong></span> <span class='ocrx_word' id='word_1_258' title='bbox 527 4045 637 4095; x_wconf 83' lang='lat' dir='ltr'><strong>exhibet.</strong></span> <span class='ocrx_word' id='word_1_259' title='bbox 668 4043 746 4094; x_wconf 86' lang='lat' dir='ltr'><strong>Senia</strong></span> <span class='ocrx_word' id='word_1_260' title='bbox 763 4046 844 4105; x_wconf 86' lang='lat' dir='ltr'><strong>enim,</strong></span> <span class='ocrx_word' id='word_1_261' title='bbox 862 4045 901 4094; x_wconf 85' lang='lat' dir='ltr'><strong>vel</strong></span> <span class='ocrx_word' id='word_1_262' title='bbox 919 4044 1014 4108; x_wconf 80' lang='lat' dir='ltr'><strong>chnta</strong></span> <span class='ocrx_word' id='word_1_263' title='bbox 1033 4040 1121 4104; x_wconf 76' lang='lat' dir='ltr'><strong>(hodIe</strong></span> <span class='ocrx_word' id='word_1_264' title='bbox 1139 4039 1240 4107; x_wconf 78' lang='lat' dir='ltr'><strong>Zengh)</strong></span> 
     </span>
     <span class='ocr_line' id='line_1_37' title="bbox 134 4128 1239 4194; baseline 0.001 -17"><span class='ocrx_word' id='word_1_265' title='bbox 134 4128 194 4178; x_wconf 87' lang='lat' dir='ltr'><strong>urbs</strong></span> <span class='ocrx_word' id='word_1_266' title='bbox 216 4130 316 4194; x_wconf 83' lang='lat' dir='ltr'><strong>Illyriae</strong></span> <span class='ocrx_word' id='word_1_267' title='bbox 339 4130 372 4179; x_wconf 88' lang='lat' dir='ltr'><strong>ad</strong></span> <span class='ocrx_word' id='word_1_268' title='bbox 393 4144 463 4180; x_wconf 86' lang='lat' dir='ltr'><strong>marc</strong></span> <span class='ocrx_word' id='word_1_269' title='bbox 477 4131 654 4183; x_wconf 82' lang='lat' dir='ltr'><strong>HadrIaticum</strong></span> <span class='ocrx_word' id='word_1_270' title='bbox 677 4132 733 4182; x_wconf 78' lang='lat' dir='ltr'><strong>sitta</strong></span> <span class='ocrx_word' id='word_1_271' title='bbox 769 4131 816 4181; x_wconf 83' lang='lat' dir='ltr'><strong>cfr.</strong></span> <span class='ocrx_word' id='word_1_272' title='bbox 834 4131 945 4180; x_wconf 88' lang='lat' dir='ltr'><strong>Plinium</strong></span> <span class='ocrx_word' id='word_1_273' title='bbox 966 4132 994 4182; x_wconf 87' lang='lat' dir='ltr'><strong>in</strong></span> <span class='ocrx_word' id='word_1_274' title='bbox 1011 4130 1107 4183; x_wconf 85' lang='lat' dir='ltr'><strong>Hister.</strong></span> <span class='ocrx_word' id='word_1_275' title='bbox 1126 4129 1239 4181; x_wconf 72' lang='lat' dir='ltr'><strong>Namrel.</strong></span> 
     </span>
     <span class='ocr_line' id='line_1_38' title="bbox 134 4215 506 4281; baseline 0.005 -17"><span class='ocrx_word' id='word_1_276' title='bbox 134 4216 177 4265; x_wconf 89' lang='lat' dir='ltr'><strong>tib.</strong></span> <span class='ocrx_word' id='word_1_277' title='bbox 189 4215 235 4277; x_wconf 88' lang='lat'><strong>111,</strong></span> <span class='ocrx_word' id='word_1_278' title='bbox 253 4231 309 4281; x_wconf 78' lang='lat' dir='ltr'><strong>cap.</strong></span> <span class='ocrx_word' id='word_1_279' title='bbox 328 4215 372 4268; x_wconf 74' lang='grc'><strong>21.</strong></span> <span class='ocrx_word' id='word_1_280' title='bbox 389 4215 506 4268; x_wconf 73' lang='lat' dir='ltr'><strong>sect-25.</strong></span> 
     </span>
    </p>
   </div>
   <div class='ocr_carea' id='block_1_6' title="bbox 0 0 1380 4844">
    <p class='ocr_par' dir='ltr' id='par_1_13' title="bbox 0 0 1380 4844">
     <span class='ocr_line' id='line_1_39' title="bbox 0 0 1380 4844; baseline 0 1"><span class='ocrx_word' id='word_1_281' title='bbox 0 0 1380 4844; x_wconf 95' lang='lat' dir='ltr'><strong> </strong></span> 
     </span>
    </p>
   </div>
  </div>
 </body>
</html>
