2752 4844
660 397 717 463 191

138 596 286 639 mannum
316 572 465 637 comitem
493 570 692 637 Nuenarium
705 571 779 651 ⁵²²),
812 566 1026 634 Godefridum
1055 567 1238 634 Viterbien-

137 678 288 759 sem-⁵²³),
324 675 531 740 Vincentium
559 674 821 739 Bellovacensem
834 675 906 756 ⁵²⁴),
948 682 980 737 et
1009 671 1090 738 alios
1118 673 1236 739 multos

140 803 221 864 quos
244 801 428 845 enumerare
449 779 579 864 longum
602 785 659 842 est.

223 883 303 969 Ipsa
323 891 430 949 autern
446 882 645 946 Francorum
660 879 787 967 Regum
804 879 908 947 Gesta
927 881 1013 945 circa
1031 900 1147 944 annum
1163 880 1237 950 730.

137 988 297 1073 exscripta
323 995 398 1051 sunt
424 1008 465 1051 ex
487 983 640 1070 Gregorii
667 982 1026 1049 Turonensis-historia
1053 984 1238 1069 epitomata,

137 1092 190 1155 oui
219 1099 331 1155 auctor
360 1089 457 1175 vulgo
486 1089 667 1172 assignatur
697 1086 913 1173 Fredegarius
946 1086 1156 1152 scholasticus
1175 1089 1237 1170 ⁵²⁵)

136 1195 254 1259 saeculi
276 1193 405 1278 septimi
426 1200 548 1257 auctor.
587 1187 654 1271 Qui
677 1188 807 1273 quidem
827 1191 861 1254 in
883 1191 1070 1278 fragmentis
1092 1213 1175 1274 quae
1197 1215 1239 1256 ex

140 1298 211 1361 aliis
232 1298 300 1361 eius
322 1297 480 1382 excerptis
496 1293 705 1361 historiarum
715 1302 895 1378 supersunt,
916 1295 1000 1359 inter
1015 1294 1240 1381 ,Excerpta

137 1424 183 1464 ex
205 1399 373 1465 Eusebii
397 1399 607 1480 chronico,
636 1396 884 1482 Hieronymo
909 1398 1235 1482 interprete“⁵²⁰)

139 1503 272 1569 eandem
300 1503 441 1567 fabrdam
470 1501 511 1566 de
533 1501 668 1567 Francis
696 1501 845 1586 protulit,
874 1503 907 1566 in
929 1503 1061 1568 Eusebii
1088 1503 1239 1568 chronico

137 1606 232 1671 hodie
260 1628 323 1671 non
353 1613 524 1670 extantem.
566 1604 674 1669 *Idem
710 1613 822 1668 auctor
850 1628 1026 1693 anonymus
1059 1631 1133 1694 pag.
1162 1609 1237 1676 39l.

137 1711 268 1795 capss.
291 1711 360 1774 init.
383 1709 464 1774 haec
488 1708 613 1774 scribit:
651 1707 736 1791 „De
764 1707 1009 1775 Francorum
1038 1734 1132 1776 vero
1161 1709 1238 1776 Re·

135 1811 252 1898 gibus
273 1813 415 1877 beatus
438 1811 705 1896 Hieronymus
735 1811 801 1894 qui
831 1813 907 1878 iam
936 1815 1030 1880 olim
1057 1815 1241 1898 fuerant,

137 1915 347 1998 scripsit“.
383 1913 478 1977 Talia
500 1921 606 1978 autem
628 1914 661 1976 in
678 1911 712 1978 S.
729 1912 919 2000 Hieronymi
941 1917 1093 2001 operibus
1108 1919 1238 1984 omuino

139 2017 371 2099 desiderantur,
398 2017 488 2082 locus
515 2017 598 2080 enim
623 2016 676 2080 ille
703 2039 796 2100 quem
822 2018 933 2083 laudat
958 2020 1176 2105 Bouquet⁵²⁷)
1204 2023 1240 2086 iu

137 2122 217 2186 haec
239 2120 430 2207 Fredegarii
449 2119 547 2185 verba
570 2118 707 2204 quadrat
729 2120 868 2185 minime.
906 2120 994 2205 Quid
1015 2125 1134 2210 igitur?
1157 2149 1242 2211 quae

136 2226 168 2288 in
197 2224 327 2309 reliquis
354 2223 444 2289 libris
470 2224 589 2288 frustra
618 2223 725 2289 adhuc
753 2225 1002 2310 quaerebantur,
1045 2252 1089 2294 ea
1118 2229 1238 2296 hodie

136 2329 305 2414 legimus
326 2327 367 2393 in
388 2325 713 2414 Oosmographia
734 2327 875 2395 Ethici
904 2353 1014 2416 quam
1037 2331 1072 2400 S.
1095 2334 1238 2400 Hiero·

138 2453 278 2515 nymus
300 2432 598 2516 interpretatus
621 2439 697 2513 est,
719 2456 795 2518 pag.
813 2434 1007 2502 532-534.

225 2533 346 2600 Scribit
375 2533 459 2598 enim
486 2532 639 2598 Ethicus:
686 2534 864 2617 „Numitor
889 2538 1005 2625 igitur,
1033 2563 1132 2628 regno
1155 2545 1239 2610 male

137 2645 328 2722 ,usurpato,
353 2634 479 2729 hostem
502 2645 535 2701 et
556 2638 768 2702 vastationem
791 2639 929 2706 Tusciae
952 2644 1168 2711 saevissimam
1190 2648 1240 2712 in-

138 2739 248 2821 „tulit3
270 2739 453 2826 Pyrrhaeos
467 2749 592 2805 montes
607 2738 835 2827 Cisalpinaque
852 2745 929 2832 iuga
949 2751 1154 2833 peraccessit,
1169 2751 1239 2816 No·

139 2843 243 2925 ,ricos
259 2842 408 2926 obtinuit,
423 2844 579 2908 Histriam
595 2844 767 2912 crudeliter
782 2851 955 2934 oppressit3
970 2851 1118 2917 Histrum
1136 2864 1240 2921 trans·

138 2947 226 3029 „iens
249 2969 323 3012 eum
333 2948 470 3013 Albanis
493 2948 670 3030 altercavit,
694 2950 752 3014 sed
769 2973 919 3036 superare
937 2977 1000 3019 non
1018 2959 1139 3042 potnit3
1165 2981 1238 3023 cum

139 3051 285 3137 „magnis
312 3051 422 3134 spoliis
450 3051 613 3116 remeavit.
663 3051 735 3115 Nec
763 3055 865 3119 multo
893 3066 968 3141 post
989 3059 1240 3148 obiurgaremnt

137 3163 268 3236 ,mutuo
295 3162 429 3239 nepotes
457 3176 531 3218 cum
560 3177 636 3219 avo:
672 3158 934 3242 consurrexitque
959 3159 1114 3230 Romulus
1141 3184 1239 3250 super

137 3281 267 3340 ,avum,
296 3254 501 3323 Numitorem
529 3258 706 3341 interfecit,
736 3272 769 3324 et
794 3283 928 3349 regnum
951 3265 1110 3353 sagaciter
1132 3277 1165 3333 et
1187 3292 1238 3333 ar-

204 3521 273 3584 522)
295 3526 399 3583 „Brevis
423 3526 534 3574 narratio
559 3527 590 3576 dc
614 3529 711 3592 origine
734 3538 760 3579 et
782 3531 885 3581 sedibus
903 3533 1074 3583 Francorum“
1098 3536 1165 3599 apud
1183 3537 1237 3585 Du·

137 3607 230 3656 chesne
246 3610 268 3669 Ι,
284 3625 342 3673 pag.
358 3609 415 3660 172.
430 3626 484 3673 sqq.

205 3689 275 3752 523)
292 3695 320 3744 in
331 3695 496 3754 ,Pantheon‘
509 3700 576 3760 apud
589 3699 713 3762 Struva,
725 3702 869 3752 Germanic.
894 3704 1051 3769 Scriptorum
1064 3716 1111 3757 etc.
1129 3716 1190 3757 torn.
1203 3708 1235 3757 n.

136 3779 268 3830 Ratisbon.
288 3778 363 3830 1726.
381 3783 426 3832 fol.
444 3798 503 3846 pag.
515 3783 575 3833 295.
595 3784 682 3836 38οΒ.
700 3787 790 3838 381A.

206 3861 274 3924 524)
293 3864 320 3912 in
343 3866 467 3931 ,Speculo
490 3856 646 3921 Historiali“.
682 3872 729 3922 cfr.
747 3873 884 3936 Speculum
907 3879 989 3928 maius
1007 3879 1146 3935 edid.,loh.
1165 3880 1236 3927 Men·

135 3951 204 4012 telin,
222 3951 355 4012 Argentin.
377 3952 450 4004 147³.
469 3956 513 4006 fol.

204 4031 272 4095 525)
292 4036 337 4085 cfr.
356 4037 474 4102 Bouquet
490 4042 523 4104 11,
542 4041 601 4092 394.

204 4119 274 4182 526)
292 4123 412 4186 Bouquet
427 4126 460 4187 11,
479 4127 539 4178 46¹.

203 4205 271 4268 527)
290 4209 474 4274 Hieronymum
491 4215 517 4263 in
535 4216 586 4266 vita
603 4215 629 4266 S.
649 4216 793 4266 Hilarionis.
