2752 4844
728 432 790 501 172

295 607 340 671 Π.
385 607 458 672 Hae
486 629 537 672 res
565 614 638 671 utut
660 629 695 672 se
716 607 836 672 habent
861 614 983 672 certum
1005 615 1070 690 est,
1098 606 1232 694 vulgata
1253 628 1313 692 per

207 710 399 777 Sclavorum
421 718 532 798 gentes
554 711 703 796 opinione
717 699 951 798 Hieronymum
973 709 1084 776 haberi
1103 733 1162 796 pro
1178 717 1310 775 auctore

206 812 476 903 Glagoliticorum
499 814 634 900 apicum.
679 813 834 879 Eiusdem
862 823 969 879 autem
995 813 1099 879 famae
1128 813 1191 879 alia
1213 813 1310 879 vesti-

205 919 261 1006 gia
282 918 383 982 multa
403 918 606 982 inveniuntur
628 925 661 982 et
683 918 869 983 certissima.

293 1020 499 1087 Ludovicum
526 1020 554 1085 I.
585 1021 668 1085 enim
697 1021 885 1108 Hrmgariae
919 1042 1028 1108 regem
1057 1041 1140 1085 anno
1169 1043 1201 1105 p.
1232 1016 1309 1083 Chr.

208 1124 303 1194 1366.
327 1124 478 1211 Bulgaris
501 1123 556 1208 qui
578 1123 618 1189 ab
642 1124 778 1190 ecclesia
800 1122 947 1188 Romana
976 1123 1177 1204 defecerant,
1205 1143 1309 1186 sacer·

207 1228 299 1294 dotes
328 1225 522 1311 ,secundum
550 1227 790 1293 translationem
815 1225 849 1294 S.
871 1225 1082 1314 Hieronymi“
1107 1223 1235 1291 dedisse
1258 1246 1309 1289 ac·

206 1331 431 1418 cepimus⁴⁶⁹):
454 1337 491 1394 tu
514 1339 621 1396 autem
642 1331 783 1418 intellige
806 1329 989 1394 sacerdotes
1012 1327 1237 1416 Glagoliticos.

293 1432 420 1501 Deinde
449 1455 525 1498 vero
556 1433 701 1501 homines
730 1434 890 1515 extitisse,
926 1433 981 1516 qui
1015 1433 1099 1497 sacri
1128 1430 1251 1496 codicis
1277 1431 1309 1495 in

205 1539 347 1626 linguam
370 1535 595 1603 sclavonicam
617 1539 795 1604 versionem
815 1535 849 1605 S.
866 1535 1065 1623 Hieronymo
1088 1534 1309 1625 adiudicarent

208 1647 263 1725 (eo
285 1641 698 1728 potissimumargumento
726 1642 880 1728 permoti,
909 1640 997 1724 quod
1018 1640 1088 1726 ipse
1109 1639 1143 1703 in
1166 1638 1308 1725 epistolis

205 1745 363 1811 nonnullis
385 1744 564 1836 complures
587 1745 776 1832 Scripturas
802 1732 912 1811 sacrae
938 1742 1038 1808 libros
1062 1742 1210 1832 ,linguae
1233 1764 1308 1809 suae

204 1847 406 1913 hominibus“
437 1871 472 1914 se
499 1849 671 1915 tradidisse
699 1848 829 1931 scribit)
859 1847 985 1913 silentio
1014 1846 1308 1932 praetermittimus,

206 1974 305 2037 quum
334 1952 411 2018 satis
440 1960 566 2018 constet
592 1953 826 2041 Hieronymum
853 1951 900 2015 ibi
929 1949 969 2016 de
998 1951 1142 2034 Latinis,
1175 1973 1240 2017 non
1270 1950 1308 2016 de

206 2054 347 2141 Selavis,
368 2057 457 2140 loqui
468 2059 535 2140 ⁴⁶⁰).

292 2189 355 2254 ΠΙ.
401 2188 469 2257 Sed
491 2187 577 2255 haud
599 2189 645 2254 ita
666 2190 700 2254 in
724 2198 835 2276 aperto
858 2196 918 2273 est,
940 2211 1022 2274 quae
1044 2188 1136 2255 nobis
1159 2187 1200 2254 de
1218 2188 1308 2254 Psal-

204 2293 286 2358 terio
309 2291 506 2380 Glagolitico
529 2290 665 2357 dicenda
687 2291 767 2376 sint,
798 2292 988 2378 quod'anno
1013 2292 1107 2360 1222.
1152 2291 1308 2359 Nicolaus

205 2384 518 2462 clericus'Arbensis
547 2395 708 2479 exaravit,
738 2404 771 2461 et
799 2395 886 2481 quod
914 2395 1019 2461 medio
1040 2387 1170 2461 saeculo
1193 2394 1306 2481 XVII.

205 2499 408 2586 deperditum
436 2521 506 2564 esse
539 2521 739 2586 summopere
768 2498 921 2565 dolemus.
978 2498 1071 2563 Haec
1099 2506 1206 2564 autem
1236 2507 1308 2564 sunt

205 2627 287 2689 quae
310 2603 351 2668 de
364 2602 523 2668 Psalterio
544 2602 599 2668 illo
620 2602 705 2690 apud
720 2602 918 2691 Rapbaelem
933 2601 1140 2668 Levaoovich
1155 2603 1307 2686 invenies,

206 2707 296 2772 cuius
319 2704 418 2772 verba
439 2706 566 2794 integra
587 2707 757 2795 exscripsit
775 2708 1074 2791 Assemannus⁴⁶¹):
1100 2704 1238 2790 ,librum
1260 2704 1308 2770 di-

205 2811 251 2874 cit
279 2808 517 2876 characteribus
546 2807 751 2898 Glagoliticis
784 2811 817 2874 in
852 2810 964 2876 charta
991 2810 1175 2876 membrana
1203 2816 1308 2874 trans·

204 2913 375 2999 scripturn,
404 2923 515 2999 atque,
544 2923 581 2980 ut
608 2912 728 2978 ibidem
754 2913 860 2979 dictus
883 2913 1017 2979 clericus
1038 2896 1194 2979 Nicolaus
1216 2935 1308 3000 prae·

204 3016 289 3081 fatus
318 3017 376 3100 sit,
405 3042 445 3083 ex
474 3019 536 3084 alio
565 3017 710 3084 similiter
730 3016 895 3100 Psalterii,
922 3017 1117 3106 impensis
1140 3025 1179 3082 et
1201 3038 1307 3081 man-

205 3120 300 3186 dato
315 3119 524 3189 Theodori
546 3121 682 3186 ultimi
699 3118 932 3187 Salonitani
953 3120 1193 3203 Pontificis,
1216 3119 1307 3188 Scla-

205 3225 320 3290 vonica
351 3226 462 3315 lingua
496 3225 712 3311 manuscripto
747 3223 858 3290 codice
897 3218 1034 3291 fideliter
1067 3225 1305 3312 descriptum“.

204 3328 309 3396 Addit
331 3328 481 3396 subinde:
506 3326 610 3412 „Quis
625 3329 721 3394 fuerit
743 3327 865 3393 laudati
878 3327 1027 3394 Psalterii
1049 3337 1172 3413 auctor,
1196 3329 1307 3414 quisve

204 3433 283 3499 illud
310 3434 343 3496 in
372 3433 513 3520 linguam
537 3431 762 3500 Sclavonicam
784 3432 998 3517 transtulerit,
1108 3432 1171 3498 hoc
1192 3431 1307 3515 fateor,

204 3559 254 3602 me
277 3537 357 3600 certi
379 3534 500 3620 aliquid
522 3558 586 3599 non
607 3557 702 3621 posse
729 3557 878 3600 asserere.
925 3537 973 3601 At
994 3535 1093 3601 verbo
1114 3534 1228 3601 lubens
1251 3534 1308 3600 ad·

203 3640 360 3721 miserim,
389 3639 486 3705 fuisse
514 3638 747 3726 Hieronymum
777 3647 938 3723 nostrum,
968 3649 1037 3705 tum
1065 3646 1198 3729 propter
1220 3660 1307 3704 com-

181 3854 183 3857 ·
275 3814 478 3878 459)csr.10s.
500 3822 661 3886 Dobrowslry
684 3821 780 3886 „Cyrill
804 3824 856 3871 und
878 3822 984 3872 Metirod
1008 3822 1053 3871 der
1075 3820 1167 3872 Slaven
1190 3821 1306 3885 Apostel.

204 3907 251 3955 ltin
270 3906 561 3958 historisch-kritischer
578 3907 718 3959 Versuch“.
754 3910 822 3971 Prag
841 3905 916 3957 1823.
948 3903 984 3957 8⁰.
1014 3921 1072 3971 pag.
1086 3905 1129 3956 53.

275 3989 495 4053 460)efr.1r0ul
519 3995 691 4053 „Introductio
714 3995 741 4044 in
762 3996 894 4044 historiam
921 4002 947 4044 et
973 4008 1026 4042 rem
1048 3991 1196 4044 litterariam
1219 3991 1306 4043 Slavoss

204 4078 276 4127 rum“
296 4087 343 4128 etc.
374 4079 619 4131 Altonaviae1729.
643 4077 685 4129 8⁰.
714 4081 759 4131 cfr.
777 4096 835 4146 pag.
849 4079 891 4131 67.
905 4094 960 4144 sqq.
978 4095 1036 4145 pag.
1050 4079 1092 4130 71.
1109 4094 1169 4144 pag.
1182 4077 1225 4130 81.
1258 4079 1307 4130 Cui

204 4166 343 4215 adsentitur
359 4166 512 4229 Dobrovius,
533 4167 684 4231 Glagolitica
701 4183 758 4230 pag.
773 4157 820 4218 18

274 4249 344 4313 461)
363 4254 381 4304 Ι.
394 4270 415 4304 c.
436 4261 496 4305 tom.
509 4254 554 4304 IV.
573 4268 631 4317 pag.
644 4250 705 4303 118.
718 4268 756 4316 sq.
