2752 4844
717 384 781 454 174

196 561 255 626 hos
283 559 399 627 XVII.
434 580 533 624 annos
564 560 685 645 primus
715 557 817 626 e'didit
849 558 1118 626 Bartholomaeus
1147 558 1298 645 Kopitar.

197 662 298 730 Cuius
320 665 458 751 primum
480 663 591 729 folium
613 664 783 730 recentiori
805 686 901 737 manu
924 664 972 728 ita
988 663 1150 752 signatum
1166 665 1297 743 est⁴⁶⁹):

197 769 277 854 „Isti
306 763 481 854 quinterni,
515 766 569 833 hic
596 768 683 834 intus
710 767 819 858 ligati,
849 767 961 853 scripti
987 768 1116 833 fuenmt
1138 767 1179 832 de
1200 791 1299 833 manu

194 874 326 960 propria
347 872 382 941 S.
397 870 583 956 lheronimi,
606 872 763 938 ecclesiae
782 871 845 937 Dei
868 870 1010 937 doctoris
1032 871 1218 938 acutissimi.
1254 872 1298 937 Et

194 984 268 1042 sunt
289 976 407 1042 bibliae
428 999 504 1063 pars
524 977 559 1042 in
580 977 690 1065 lingna
704 973 859 1042 Oroatina
881 975 1010 1061 scripta.
1042 975 1089 1040 Et
1109 975 1190 1041 mihi
1212 974 1296 1040 dono

195 1079 284 1145 dedit
305 1079 349 1145 D.
371 1079 481 1146 Lucas
507 1078 548 1146 de
569 1079 761 1167 Reynaldis,
787 1079 957 1166 presbyter
977 1078 1149 1168 Veglensis
1171 1080 1298 1146 dioece-

194 1206 282 1266 seos,
311 1185 367 1269 qui
388 1183 502 1250 habuit
524 1208 543 1249 a
563 1183 742 1272 Magnifico
764 1183 905 1249 Domino
926 1182 1070 1248 Iohanne
1092 1182 1133 1248 de
1153 1183 1296 1272 Frange-

192 1287 341 1374 panibus‚
364 1288 493 1353 domino
515 1287 636 1353 insulae
658 1287 822 1373 praefatae
842 1287 978 1375 Veglae‚
1001 1287 1056 1372 qui
1077 1287 1194 1353 librum
1217 1311 1295 1354 auro

193 1400 226 1458 et
248 1399 382 1480 argento
405 1401 553 1458 ornatum
575 1414 635 1477 pro
658 1391 799 1476 reliquiis
821 1389 1041 1456 venerabatur.
1076 1390 1123 1457 Et
1144 1415 1219 1458 cum
1230 1392 1295 1459 Ve-

192 1496 288 1561 netiis
310 1503 472 1580 mortuus,
501 1518 539 1562 ae
561 1496 647 1563 bona
669 1518 728 1561 sua
748 1496 782 1559 in
804 1493 958 1581 praedam
980 1494 1058 1560 data
1079 1517 1118 1561 ac
1140 1494 1295 1562 distracta

191 1601 342 1684 fuissent,
371 1601 468 1665 etiam
496 1601 536 1666 de
564 1599 627 1666 hoc
654 1599 737 1664 libro
766 1621 877 1664 aurum
906 1607 939 1665 et
961 1608 1129 1686 argentum
1151 1609 1294 1666 amotum

191 1704 268 1786 fuit,
297 1711 330 1768 et
357 1725 433 1788 pars
460 1704 533 1770 libri
561 1704 705 1790 praefato
728 1702 772 1766 D.
797 1702 909 1767 Lucae
929 1703 964 1766 in
985 1727 1098 1770 manns
1120 1705 1225 1787 venit,
1254 1704 1293 1770 de

143 1868 148 1878 ,
192 1831 256 1893 qua
277 1806 375 1872 michi
397 1806 596 1892 Marquardo
618 1804 821 1893 Breyeacher
843 1806 952 1889 militi,
981 1815 1013 1871 et
1040 1816 1119 1873 tnnc
1139 1809 1294 1895 temporis

192 1909 352 1978 Caesareo
381 1906 516 1995 orato'ri,
548 1919 580 1977 et
608 1910 699 1995 pacis
727 1910 810 1974 inter
837 1909 1089 1977 Illustrissimum
1117 1912 1292 1978 Dominum

192 2015 433 2103 Sigismundum
455 2014 674 2081 Archiducem
696 2014 850 2080 Austriae
877 2037 917 2079 ex
944 2037 1025 2099 una,
1054 2024 1087 2081 et
1111 2015 1294 2082 Illustrissi·

190 2143 278 2185 mum
300 2119 511 2186 venetiarum
532 2118 707 2183 Dominum
729 2118 874 2203 parcium
898 2118 1000 2204 (sicl)
1031 2142 1072 2184 ex
1094 2121 1195 2186 altera
1218 2141 1293 2185 con·
1329 2200 1333 2209 Ι

190 2223 321 2307 lectori,
343 2224 416 2289 illos
437 2223 577 2288 inclusos
601 2220 681 2287 duos
704 2223 889 2307 quintemos
910 2245 969 2308 pro
992 2221 1123 2309 speciali
1145 2231 1178 2289 et
1199 2233 1293 2312 grato

190 2350 320 2394 munere
342 2326 440 2393 dedit.
486 2327 584 2392 Anno
610 2349 630 2390 a
651 2324 834 2392 Nativitate
855 2326 988 2391 Domini
1009 2324 1203 2394 MOOOO“.
1250 2362 1255 2368 ·

278 2430 344 2500 Sed
365 2433 400 2496 in
422 2430 497 2494 anni
519 2430 697 2518 signatione
715 2431 794 2495 latet
809 2429 933 2513 vitium,
956 2431 1032 2515 quia
1046 2432 1214 2516 praedicta
1228 2435 1292 2498 Ar-

190 2531 318 2602 chiduoi
340 2533 559 2623 sigismundo,
582 2535 700 2601 Tirolis
723 2533 843 2617 comiti,
864 2556 930 2619 pax
952 2556 1026 2600 curn
1048 2534 1183 2602 Venetis
1204 2537 1292 2602 facta

189 2648 238 2707 est
266 2662 349 2705 anno
380 2637 476 2706 1487.
529 2636 638 2720 Quare
667 2661 765 2725 quum
794 2660 822 2702 a.
853 2639 947 2706 1509.
977 2661 995 2704 e
1022 2639 1092 2705 vita
1118 2641 1293 2706 excesserit

188 2742 405 2828 Marquardus
426 2742 617 2808 Breisaoher
629 2746 703 2827 ⁴⁷⁰),
724 2743 809 2806 intra
831 2740 929 2808 hosce
950 2742 1069 2808 XXII.
1092 2764 1192 2808 annos
1213 2752 1292 2809 nota

188 2849 242 2913 illa
270 2847 437 2911 referenda
464 2853 530 2930 est,
559 2848 626 2912 sive
654 2843 857 2911 MOOCOO.
887 2847 954 2912 sive
984 2847 1080 2912 alium
1109 2871 1227 2913 annum
1255 2858 1291 2913 tu

188 2951 327 3017 scribere
353 2951 465 3017 mavis.
511 2949 722 3036 Conscriptus
752 2957 858 3015 autem
888 2949 1016 3042 videtur
1037 2952 1141 3018 codex
1163 2949 1304 3017 Gloria·-

187 3079 248 3122 nus
275 3078 340 3121 non
367 3065 441 3142 post
469 3079 559 3123 saec.
577 3055 640 3120 XL
655 3056 711 3138 ⁴⁷¹)
741 3055 788 3121 ita
815 3065 852 3121 ut
874 3055 994 3143 optime
1014 3057 1139 3123 refellat
1161 3055 1291 3122 Dobro·

188 3160 291 3244 vium,
320 3182 360 3225 ex
383 3162 473 3227 cuius
496 3157 625 3246 quidem
647 3160 806 3225 sententia
828 3160 1034 3247 alphabetum
1058 3159 1291 3248 Glagoliticum

187 3264 315 3345 nonnisi
336 3287 419 3332 saec.
429 3261 528 3330 XIII.
546 3286 566 3328 a
588 3263 704 3329 clerico
716 3252 899 3331 Dalmatiae
915 3265 1054 3350 quodam
1070 3288 1129 3352 per
1143 3264 1290 3331 fraudem

188 3366 223 3436 S.
238 3368 437 3456 Hieronymo
459 3367 657 3456 inscriptum.
671 3367 740 3433 fuit.
775 3368 827 3433 Iln
844 3368 1008 3456 popularis
1027 3368 1132 3434 famae
1155 3368 1195 3435 de
1210 3368 1291 3436 Hie·

186 3474 374 3560 ronymiana
396 3493 559 3537 sacrorum
579 3471 727 3538 codicum
742 3473 887 3537 versione
903 3472 1129 3539 documentum
1148 3475 1291 3560 peranti-

186 3600 299 3662 quum;
328 3599 403 3640 nam
423 3575 541 3642 librum
562 3577 651 3641 illum
674 3575 874 3662 Scripturam
896 3599 1038 3661 sacram,
1067 3577 1095 3643 si
1121 3599 1186 3643 non
1208 3577 1291 3642 inte·

185 3704 288 3768 gram,
310 3678 367 3744 sed
389 3687 497 3744 tamen
518 3689 643 3765 partem
667 3679 745 3763 eius,
768 3679 949 3746 exhibuisse
964 3689 1013 3746 est
1026 3680 1267 3769 probabilem).

186 3814 386 3823 -..———

256 3874 323 3943 loe)
340 3877 385 3927 cfr.
406 3877 525 3942 Glagolit.
545 3877 657 3928 Glorian.
676 3893 734 3942 pag.
746 3878 785 3930 IV
790 3870 811 3928 l.
831 3885 895 3928 extr.
914 3893 969 3942 sqq.
989 3875 1022 3939 (ξ.
1038 3879 1083 3930 Ν.
1102 3876 1288 3944 praefationis).

255 3961 324 4024 470)
344 3963 463 4028 engone
483 3964 596 4015 eroum.
615 3981 673 4030 pag.
686 3966 735 4015 vr.
909 3947 914 3951 ’

254 4046 324 4110 171)
342 4051 429 4116 Haupt
445 4052 462 4100 1.
476 4067 498 4101 e.
516 4068 574 4117 pag.
589 4050 630 4102 11.
642 4059 702 4115 post
719 4053 785 4102 med.
805 4060 831 4103 et
843 4052 998 4116 „Evangelia
1009 4050 1184 4104 Slarice‘ete.
1204 4051 1288 4103 edidd.

184 4135 304 4187 Silvestre
323 4144 348 4187 et
365 4138 396 4186 Β.
414 4140 531 4203 Kopitar,
549 4140 653 4188 Parisiis
674 4136 749 4188 1843.
777 4134 820 4189 4⁰.
847 4153 904 4203 pag.
917 4138 963 4189 XI.

253 4220 322 4283 472)
341 4224 386 4274 eh.
407 4224 526 4289 Glagolit.
546 4225 659 4275 Clozian.
678 4240 735 4289 pag.
748 4217 824 4275 VHl’.
857 4226 951 4290 Haupt.
969 4224 986 4275 l.
1000 4240 1022 4275 c.
1040 4239 1099 4289 pag.
1113 4223 1137 4275 6.
