2752 4844
761 412 803 480 68

765 594 796 642 Β.

535 706 660 749 contens
678 706 800 749 culssls
820 705 976 748 suevum
994 706 1024 749 11.

321 797 404 866 (1.4.
451 796 544 863 Ood.
570 797 889 882 Canonicianus,
916 799 938 863 i.
960 821 988 863 e.
1019 796 1180 864 Matthaei
1206 799 1334 886 Aloysii

232 902 404 987 Canonici,
434 925 517 968 saec.
538 902 618 968 XV.
659 903 781 968 mbran.
825 902 858 965 in
886 902 973 967 folio.
1028 900 1068 965 In
1096 902 1158 966 fine
1187 901 1335 967 Notitiae

231 1008 436 1094 Dignitatum
463 1007 596 1092 legitur:
646 1005 865 1090 „Exemplata
892 1014 942 1069 est
969 1003 1049 1070 haec
1078 1002 1335 1093 Cosmographia

233 1111 345 1179 143611
375 1118 435 1174 etc.
468 1109 561 1193 (vide
589 1109 719 1175 Mcrelli
746 1130 820 1194 pag.
843 1109 936 1192 390.)

317 1214 432 1279 Insunt
452 1222 581 1299 praeter
601 1214 757 1299 opuscula
778 1235 826 1294 ea,
849 1234 930 1296 quae
952 1212 986 1275 in
1008 1211 1079 1277 cod.
1097 1210 1241 1296 Spirensi
1258 1235 1333 1277 con-

230 1318 431 1383 tinebantur:
456 1317 724 1400 „Demensuratio
738 1315 1010 1402 provinciarum“;
1028 1354 1070 1363 —
1087 1315 1127 1381 ab
1143 1317 1205 1381 alia
1219 1339 1332 1380 manu:

233 1419 385 1508 „Cyriaci
408 1423 604 1487 Anconitani
633 1422 672 1486 de
696 1429 817 1507 septem
839 1419 950 1484 mundi
973 1420 1163 1504 spectaculis
1186 1443 1226 1484 ex
1249 1417 1333 1484 Gre-

230 1526 321 1611 gorio
347 1524 553 1590 Nazianzeno
583 1549 630 1612 gr.
662 1534 694 1590 et
721 1525 777 1589 lat.
807 1523 979 1609 scriptum;
1009 1522 1095 1606 quod
1118 1523 1178 1589 sibi
1200 1525 1332 1589 missum

230 1629 347 1693 Petrus
369 1628 519 1694 Donatus
540 1637 577 1693 ut
599 1628 790 1693 adiiceretur
812 1628 955 1691 curavit“
971 1629 1037 1708 187).

317 1732 414 1796 Hunc
431 1733 573 1797 codicem
589 1757 618 1798 a.
633 1733 728 1802 1846.
743 1733 777 1796 in
789 1731 992 1796 Bibliotheca
1003 1729 1329 1814 Mediomontana¹⁸⁸l

229 1836 292 1922 ipsi
314 1836 488 1903 evolvimus
503 1841 567 1921 189).
609 1834 713 1901 Manu
734 1833 924 1899 nitidissima
946 1835 1146 1921 conscriptus
1169 1844 1201 1900 ct
1222 1835 1332 1900 multis

229 1939 420 2028 imaginibus
443 1949 573 2006 ornatus
595 1940 723 2022 est¹⁹⁰).

318 2146 427 2215 04⁴⁶.
478 2147 573 2216 Coc.
602 2150 864 2216 Monacensis
893 2150 951 2217 99.
987 2149 1069 2214 666.
1099 2149 1211 2215 latin.
1243 2151 1329 2218 794.

231 2261 325 2317 antea
346 2252 570 2337 Victorianus,
605 2254 680 2318 anni
707 2254 803 2320 1436.
836 2251 997 2318 mbranac.
1034 2255 1224 2341 paginarum
1254 2255 1329 2322 345.

228 2355 334 2420 Huius
357 2356 428 2422 cod.
453 2357 674 2445 apographum
693 2357 785 2421 nobis
804 2357 961 2421 concessit
970 2356 1014 2422 V.
1028 2355 1078 2422 Ol.
1089 2356 1133 2422 H.
1146 2358 1315 2445 Foringer.

315 2459 413 2525 Initio
435 2461 553 2546 legitur
575 2484 594 2525 a
615 2460 710 2525 valde
732 2460 852 2526 recenti
874 2484 985 2525 manu:
1017 2460 1170 2545 „Notitia
1191 2462 1330 2549 dignita-

227 2572 296 2629 tum
318 2563 483 2648 utriusquc
503 2563 646 2651 Imperii,
665 2562 807 2630 Orientis
829 2566 928 2631 scilic.
953 2573 985 2630 et
1003 2563 1200 2632 Occidentis.
1224 2590 1264 2631 ex
1286 2567 1332 2631 al·

226 2677 297 2734 tero
309 2667 419 2732 codice
433 2666 593 2753 Spirensis
604 2667 826 2734 Bibliothecae
841 2669 1002 2755 exscripta
1018 2693 1100 2734 anno
1117 2670 1171 2734 dni
1189 2670 1306 2738 1436f‘

314 2771 429 2836 Insunt
450 2768 561 2835 eadem
580 2772 667 2836 acin
682 2773 752 2838 cod.
770 2772 1062 2856 Canoniciano¹⁹¹),
1086 2773 1143 2839 sed
1164 2796 1242 2837 una
1265 2797 1331 2838 ea·

228 2875 395 2959 demque
423 2896 538 2938 manu
566 2886 747 2959 exarata3
779 2902 876 2963 quare
904 2878 1099 2962 exscriptum
1122 2877 1218 2941 fuisse
1240 2876 1327 2942 hunc

227 2979 372 3044 codicem
395 3001 435 3042 ex
447 2973 666 3047 Canoniciano
688 2983 841 3066 sequitur.
876 2980 984 3063 Quam
1005 2980 1140 3043 remita
1161 3002 1195 3042 se
1209 2978 1330 3046 habere

138 3154 140 3163 Ι
226 3081 301 3147 inde
312 3083 408 3146 etiam
422 3081 528 3170 colligi
539 3092 656 3170 potest,
664 3086 751 3170 quod
759 3084 864 3150 verbis
872 3083 950 3147 illis:
964 3082 1177 3168 „Exemplata
1188 3090 1237 3147 cst
1247 3082 1331 3150 haec

227 3183 482 3273 cosmographia
504 3192 587 3252 6161ς
605 3189 726 3254 librarii
744 3209 851 3268 mann,
874 3184 931 3250 sed
953 3186 1101 3251 extinctis
1114 3187 1181 3251 fere
1201 3185 1329 3273 litteris,

227 3291 443 3376 superscripta
457 3293 621 3379 leguntur:
646 3291 759 3374 „Haec
778 3310 904 3372 quoque
925 3289 960 3354 in
982 3291 1171 3377 exemplaris
1192 3290 1255 3356 fine
1277 3315 1328 3358 re-

225 3393 324 3479 peri“.
361 3395 417 3460 cfr.
433 3394 644 3482 Fdringerum
667 3393 688 3456 l.
701 3393 791 3474 cm)
810 3399 842 3456 et
857 3392 1016 3481 Boeking.
1032 3394 1053 3458 l.
1071 3417 1097 3459 c.
1113 3419 1146 3482 p.
1165 3397 1216 3463 11.
1234 3417 1304 3482 sqq.

297 3626 362 3690 187)
382 3628 427 3678 cfr.
445 3627 563 3687 Bdcking
581 3624 683 3682 „Ueber
701 3626 741 3675 die
759 3625 855 3677 Notitia
872 3628 1056 3692 Dignitatum“.
1086 3632 1162 3680 Bonn
1182 3628 1257 3680 1834.
1288 3626 1324 3680 8⁰.

224 3731 280 3778 pag.
297 3714 337 3776 16,
354 3715 422 3764 Noto
441 3712 464 3760 1.

296 3795 362 3858 188)
380 3796 522 3846 Middlehill
540 3797 567 3844 in
585 3798 717 3847 Britannia
735 3800 761 3850 in
780 3801 900 3850 comitatu
918 3803 1139 3853 Worcestershirc.

296 3879 361 3943 189)
379 3882 465 3931 Antea
477 3898 535 3931 cum
543 3876 646 3948 reliquis
658 3884 781 3935 Canonici
793 3886 863 3936 libris
869 3888 983 3938 Venetiis
989 3888 1117 3939 Oxonium
1126 3891 1208 3940 codex
1220 3890 1324 3940 transla-

224 3981 264 4022 tus
274 3977 320 4029 est,
331 3956 380 4029 dua
390 3969 421 4016 dc
430 3983 457 4017 re
468 3968 513 4017 cfr.
524 3969 623 4030 Blumc,
632 3971 683 4019 Iter
692 3973 807 4021 Italicum
817 3981 877 4022 torn.
887 3975 906 4023 I.
926 3976 1037 4024 Berolin.
1050 3975 1127 4025 1824.
1141 3971 1176 4024 8⁰.
1190 3974 1322 4039 p.235.in.

297 4049 362 4114 190)
381 4054 421 4103 Ι)6
440 4055 488 4103 hoc
507 4055 571 4104 libro
590 4057 634 4105 cfr.
653 4058 764 4123 Parthcy
782 4066 807 4108 et
824 4060 925 4122 Pindor,
944 4062 960 4109 l.
974 4078 995 4111 c.
1013 4077 1071 4126 pag.
1084 4063 1179 4113 XXVI.
1193 4078 1230 4126 sq.

295 4137 360 4201 191)
380 4141 425 4190 cfr.
444 4141 553 4206 Parthey
572 4152 597 4191 ct
614 4143 715 4206 Pinder,
734 4146 750 4194 l.
764 4161 785 4194 c.
807 4162 864 4209 pag.
877 4148 971 4198 XXIV.

270 4296 274 4304 Ι
293 4223 358 4287 192)
378 4228 547 4293 „Bayerisoho
565 4229 701 4281 Annalem
720 4238 767 4282 cto.
786 4246 844 4295 pag.
858 4230 917 4283 339.

75 4332 175 4563 Ὗ
