2752 4844
650 410 713 478 189

137 585 214 666 ,des
240 584 489 671 navigaverrmt,
522 593 556 649 et
587 594 802 670 pervenenmt
831 584 874 648 ad
904 584 1056 650 finitimos
1082 587 1235 651 terminos

136 687 404 769 ,Pannoniarum
426 694 570 752 tenentes
591 687 726 752 finitima
740 686 851 773 spacia
872 708 964 763 secrrs
978 686 1163 755 Moeotidas
1177 711 1235 775 pa·

137 789 257 872 ,ludes
308 787 554 876 Coepernntque
589 790 759 855 aedificare
790 790 953 855 civitatem
982 790 1024 856 ob
1052 792 1235 856 memoriale
1326 826 1329 832 ·

138 917 283 975 ,eomm,
311 893 614 978 appellaveruntque
641 916 712 958 cam
737 892 958 960 Sicambriam.
1002 893 1117 977 Ibique
1143 892 1235 959 habi-

136 1006 305 1077 „taverunt
326 996 417 1060 aunis
439 997 558 1078 multis,
579 1004 809 1081 creveruntque
830 998 864 1060 iu
886 1005 1015 1083 gentem
1031 999 1212 1084 magnam“.

225 1098 286 1178 „In
305 1100 360 1164 illo
377 1109 521 1185 tempore
533 1099 779 1165 Valentinianus
792 1099 973 1185 Imperator
986 1099 1155 1184 imperium
1167 1097 1235 1165 Rc-

137 1226 324 1285 ,manorum
351 1203 493 1290 regebat
542 1202 594 1268 Eo
621 1211 765 1288 tempore
791 1226 870 1290 gens
896 1203 1074 1268 Alanorum
1101 1204 1235 1268 atrocis-

138 1308 240 1388 „sima
264 1305 497 1371 rebellaverunt
525 1315 638 1371 contra
665 1305 865 1391 praedictum
890 1305 1131 1392 Imperatorem.
1175 1306 1235 1371 Ille

136 1411 265 1492 ,itaque
286 1418 447 1474 commoto
469 1409 612 1474 exercitu
633 1431 750 1495 magno
764 1408 983 1474 Romanorum
999 1409 1117 1474 dnexit
1134 1409 1234 1473 acin

137 1522 270 1593 ,contra
291 1535 364 1595 eos,
391 1511 615 1598 superavitque
643 1534 698 1576 eos
727 1520 760 1575 et
781 1512 914 1577 adtrivit
935 1522 1032 1596 atque
1053 1511 1233 1577 debellavit

136 1616 208 1697 ,llli
229 1625 337 1681 autem
359 1617 443 1680 caesi
465 1638 562 1700 super
582 1614 682 1680 fluvio
703 1615 856 1681 Danubio
883 1617 1049 1703 fugerunt,
1077 1624 1111 1679 et
1135 1615 1235 1678 intra-

136 1728 271 1798 „verunt
291 1720 324 1782 in
346 1717 532 1784 Moeotidas
552 1719 696 1805 paludes
742 1719 837 1783 Tunc
859 1720 905 1784 ait
926 1719 1121 1804 Imperator:
1154 1715 1247 1800 „„Si.

137 1822 251 1903 „„qnis
276 1821 419 1903 potuerit
444 1823 577 1886 introire
604 1824 638 1886 iu
664 1820 799 1907 paludes
827 1823 923 1903 istas,
957 1832 991 1887 et
1017 1820 1092 1886 inde
1120 1821 1235 1886 eiicere

137 1923 320 2008 „potnerit
347 1932 475 2008 gentem
501 1922 585 1987 hanc
612 1922 762 1988 rebellem
784 1925 980 2008 Alanorum,
1008 1922 1183 1989 concedam
1204 1925 1235 1988 ei

137 2026 300 2106 „tributa
328 2047 428 2090 annos
456 2025 621 2091 decem““.
673 2026 768 2090 Tunc
796 2028 984 2114 congregati
1009 2027 1147 2111 Franci,
1179 2027 1235 2111 qui

136 2130 283 2209 ,firerant
297 2127 338 2193 dc
353 2128 452 2193 Troia
473 2129 578 2211 eiecti,
599 2129 745 2194 fecerunt
765 2128 898 2196 insidias
919 2153 960 2195 ex
982 2129 1129 2212 adverso,
1150 2129 1235 2194 sicut

136 2241 247 2313 „erant
269 2231 387 2313 edocti,
412 2255 471 2318 per
490 2234 656 2320 incognita
676 2233 825 2299 latibula:
855 2242 888 2298 et
908 2233 1045 2319 ingressi
1065 2234 1099 2296 iu
1120 2231 1235 2297 Moec-

136 2335 241 2416 „tidas
262 2333 397 2419 paludes
418 2357 493 2400 cum
513 2337 637 2420 reliquo
658 2337 801 2402 exercitu
821 2335 1052 2418 Romanorum,
1073 2337 1235 2401 eiecerunt

136 2438 230 2519 ,inde
258 2438 399 2520 Alanos,
431 2450 719 2525 percusseruntque
746 2463 803 2505 cos
830 2440 864 2503 iu
892 2463 947 2505 ore
975 2439 1084 2526 gladii
1140 2438 1234 2503 Tunc

136 2540 330 2627 ,appellavit
360 2563 415 2606 eos
437 2542 682 2608 Valentinianus
709 2542 891 2628 Imperator
917 2544 1097 2607 Francos
1120 2542 1234 2606 Attica

136 2647 276 2732 ,lingna
297 2643 385 2728 quod
406 2646 440 2708 in
461 2645 614 2712 Latinum
637 2647 865 2731 interpretatur
886 2668 1076 2728 sermonem,
1101 2644 1163 2709 hoc
1184 2654 1234 2709 est

136 2749 280 2829 κἕρνοε,
303 2769 323 2810 a
345 2745 464 2812 duritia
485 2748 537 2813 vel
556 2749 724 2815 ferocitate
745 2749 883 2815 cordis“.

223 2849 347 2936 ,Igitur
374 2861 449 2937 post
475 2861 656 2919 transactos
676 2854 794 2918 decem
822 2875 923 2919 annos
945 2853 1033 2918 misit
1053 2852 1234 2937 Imperator

136 2961 332 3035 ,exactores
353 2976 418 3017 uua
439 2976 512 3018 cum
534 2957 686 3040 primario
707 2957 791 3021 duce
811 2956 854 3021 de
876 2956 1023 3021 Romano
1042 2952 1176 3037 Senatu,
1196 2965 1235 3020 ut

136 3055 334 3140 „reciperent
354 3059 580 3140 praetermissa
600 3057 722 3122 tributa
744 3057 786 3122 de
806 3057 926 3144 populo
939 3056 1149 3122 Francorum.
1181 3058 1233 3122 Illi

135 3179 298 3242 „quoque,
326 3167 364 3221 ut
392 3168 483 3222 erant
504 3159 741 3243 immanissimi,
768 3161 934 3226 consilium
956 3158 1114 3245 perfidum
1136 3171 1233 3247 atque

135 3262 267 3344 ,inutile
296 3262 508 3345 accipientes,
536 3262 687 3329 dixerunt
712 3264 798 3329 intra
824 3287 875 3330 scr
915 3262 1138 3348 „Imperator
1158 3287 1232 3330 cum

136 3365 321 3448 „exercitu
349 3363 566 3429 Romanorum
595 3390 659 3431 non
686 3368 793 3453 potnit
815 3369 931 3432 eiicere
952 3367 1076 3431 Alanos
1098 3367 1140 3432 de
1159 3368 1233 3432 lati-

136 3468 252 3549 „„bulo
273 3465 474 3554 paludarum,
496 3478 625 3556 gentem
646 3470 805 3536 rebellem.
850 3469 922 3535 Nos
944 3478 1062 3552 autem,
1086 3472 1140 3555 qni
1162 3494 1233 3537 eos·

137 3570 251 3650 „dem
273 3570 459 3652 devicimus,
482 3594 540 3636 cur
561 3574 713 3638 solvimus
734 3573 877 3639 tributa?
912 3570 1153 3659 Consurgamus
1176 3599 1233 3641 au-

137 3682 243 3752 „„tem
265 3683 377 3738 contra
390 3672 581 3739 Primarium
604 3677 700 3759 bunc,
722 3679 774 3742 vel
791 3687 958 3743 exactores
971 3679 1062 3759 istos,
1084 3686 1117 3741 et
1130 3679 1232 3742 irrua-

137 3796 250 3854 „,‚mus
271 3795 366 3861 super
386 3799 452 3859 eos,
474 3787 508 3842 et
527 3801 592 3843 uon
614 3778 727 3844 demus
748 3779 904 3846 Romanis
924 3779 1060 3845 tributa:
1087 3803 1128 3845 ne
1149 3781 1232 3845 forte

136 3876 205 3958 „si
227 3875 397 3942 subiiciunt
417 3902 494 3963 uos,
516 3882 633 3946 erimus
655 3904 827 3966 numquam
849 3882 994 3947 liberi““.
1039 3881 1133 3947 Tunc
1155 3885 1232 3948 insi-

135 3979 281 4059 „diautes
302 3979 529 4047 interfecerunt
549 3987 636 4050 eos“.

222 4082 335 4164 „Haec
362 4085 493 4152 audiens
520 4087 716 4175 Imperator,
750 4090 783 4152 in
817 4089 866 4152 ira
895 4110 1014 4176 magna
1042 4098 1231 4171 commotus,

135 4187 318 4273 ,praecepit
345 4208 545 4256 commovere
578 4192 752 4257 exercitum
788 4191 820 4255 in
849 4191 974 4256 hostem
1001 4190 1231 4276 Romanorum,
