2752 4844
590 413 709 491 '51

640 741 671 825 a.
688 739 738 807 10.

352 966 355 971 .
436 884 484 935 DE
502 882 615 937 LIBRIS
632 884 707 937 MSS.
726 883 895 936 FAMILIAE
913 887 944 936 Β.

224 1017 339 1103 Itaque
361 1019 416 1102 qui
437 1020 560 1103 primus
581 1018 681 1084 libros
706 1019 941 1108 geographioos
963 1020 997 1085 in
1020 1041 1137 1107 corpus
1160 1019 1242 1088 Cos·

136 1121 380 1211 mographicum
404 1123 445 1207 (si
465 1122 515 1187 fas
537 1129 586 1188 est
608 1121 727 1208 dicere)
752 1124 871 1210 cotgit,
894 1145 1005 1188 eorum
1026 1124 1073 1189 ita
1094 1122 1240 1190 ordinem

137 1226 311 1314 disposuit,
339 1233 376 1290 ut
404 1225 521 1290 Iulium
544 1223 715 1292 Oratorem
736 1249 801 1291 non
823 1225 983 1292 Orosiana
1005 1228 1108 1294 solum
1131 1250 1242 1313 seque·

136 1339 226 1395 retur
251 1328 466 1418 geographia,
492 1351 603 1394 verum
626 1329 723 1394 etiam
746 1351 819 1395 cum
841 1338 989 1396 aeternae
1010 1330 1099 1396 urbis
1121 1330 1242 1396 descri-

136 1433 247 1519 ptione
269 1433 443 1518 Antonini,
470 1433 523 1499 cui
551 1432 729 1518 ascribunt,
761 1427 990 1498 Itinerarium.'
1020 1432 1136 1519 Neque
1164 1457 1241 1500 vero

137 1537 237 1601 ceteri
258 1546 404 1603 auctores
427 1536 539 1602 eodem
560 1535 658 1602 modo
682 1538 800 1603 versati
823 1546 912 1604 sunt:
944 1559 1018 1601 nam
1040 1537 1154 1621 reliqui
1175 1547 1240 1602 ter·

136 1640 202 1705 tiae
222 1642 415 1706 recensionis
438 1640 566 1707 codices
589 1664 609 1706 a
631 1637 889 1730 Oosmographia
909 1648 1021 1706 nostra
1038 1637 1163 1706 Romae
1186 1640 1241 1705 de-

136 1743 342 1833 scriptionem
368 1745 464 1830 plane
490 1743 661 1828 dirimunt,
688 1746 736 1810 ita
763 1751 800 1809 ut
825 1754 881 1810 aut
903 1745 966 1810 alio
987 1745 1059 1810 loco
1083 1745 1241 1810 collocata

136 1847 180 1913 sit
201 1854 257 1911 aut
278 1847 406 1911 omnino
430 1845 636 1911 desideretur.
671 1847 781 1930 Quare
804 1848 950 1932 quamvis
970 1847 1035 1912 iam
1050 1848 1153 1913 nullus
1170 1870 1241 1913 sen·

135 1972 193 2016 sua
220 1949 323 2014 inesse
350 1947 497 2013 videatur
525 1949 648 2032 verbis,
685 1971 768 2034 quae
794 1952 916 2036 primus
945 1958 1058 2015 auctor
1085 1950 1170 2022 hano
1197 1950 1240 2015 ob

136 2073 268 2118 causam
286 2049 395 2117 Orosii
417 2051 634 2140 geographiae
656 2051 792 2136 addidit,
813 2060 851 2116 ut
872 2053 984 2117 melius
1006 2052 1053 2116 sic
1075 2073 1148 2115 cum
1170 2051 1238 2116 De·

135 2156 310 2242 scriptione
332 2153 433 2222 Urbis
456 2155 626 2221 cohaerere
647 2154 875 2240 videatur¹⁷⁸),
897 2163 1005 2220 tamen
1028 2154 1069 2220 ab
1091 2154 1239 2221 omnibus

135 2259 273 2326 librariis
295 2265 459 2326 asservata
479 2260 513 2324 in
535 2260 648 2325 tertiae
670 2259 865 2325 recensionis
885 2258 976 2325 libris
997 2254 1210 2324 inveniuntur.

223 2363 349 2428 Horum
378 2371 485 2429 autem
512 2364 644 2428 alteram
665 2363 819 2428 familiam
843 2361 910 2447 [Β.]
935 2384 990 2427 eos
1013 2360 1148 2426 dicimus
1171 2361 1238 2426 effi-

136 2489 209 2532 cere
231 2468 296 2552 qui,
319 2468 379 2532 etsi
401 2488 511 2532 omnes
534 2468 598 2532 orti
619 2474 693 2532 sunt
715 2488 756 2532 ex
774 2465 845 2531 cod.
861 2465 1036 2531 Borbonici
1051 2464 1238 2550 archetypo,

135 2578 242 2636 tamen
266 2593 324 2636 suo
345 2570 418 2636 loco
441 2569 634 2653 reliquorum
656 2576 815 2653 quotquot
836 2569 1036 2655 reperiuntur
1056 2568 1161 2632 fontes
1184 2590 1238 2630 ex·

134 2675 278 2739 titenmt.
322 2672 484 2738 Naturam
505 2695 582 2739 vero
605 2671 753 2739 codicum
776 2672 803 2738 si
826 2672 969 2758 quaeris,
996 2673 1044 2735 ita
1072 2668 1238 2736 constituti

135 2784 221 2860 aunt,
242 2783 279 2840 ut
300 2777 397 2842 talem
419 2776 658 2862 inscriptionem
680 2776 853 2873 habeantq

227 2877 317 2973 „IN4
326 2876 516 2945 NOMINE
528 2929 536 2945 .
550 2880 652 2945 DEI.
667 2877 824 2947 SVMMI
836 2929 842 2945 .
854 2875 936 2944 INC
946 2874 1239 2946 .COSMOGRA-

134 2983 250 3048 PHIA
262 3031 270 3047 .
282 2981 553 3050 FELICITER.
566 2981 669 3049 (ΝΜ
681 3031 689 3047 .
700 2981 987 3051 ITINERARIIS
1002 3031 1009 3046 .
1024 2980 1125 3049 SVIS
1140 3031 1147 3046 .
1159 2981 1237 3046 ET.

134 3084 542 3157 PORTIBVS.ET.EX
554 3134 561 3149 .
573 3084 817 3152 EASTIBVS.
827 3081 1153 3151 ROMANORVM.
1161 3083 1237 3148 ET.

136 3183 399 3252 CONSVLVM
415 3234 423 3251 .
438 3185 706 3255 NOMINIBVS
722 3235 730 3251 .
746 3186 828 3251 ET.
845 3183 1062 3253 DIVERSIS
1079 3234 1087 3249 .
1105 3184 1213 3252 SINE
1230 3236 1237 3250 .

136 3286 236 3372 QVO
249 3337 257 3352 .
269 3285 427 3355 NEMO.
443 3288 758 3358 PRVDENTIVM
773 3340 780 3355 .
797 3288 911 3358 ESSE
927 3338 935 3354 .
951 3284 1132 3362 POTEST
1142 3292 1170 3353 “.

222 3390 332 3457 Libris
361 3392 476 3458 deinde
505 3393 560 3478 qui
589 3393 652 3459 huo
679 3395 840 3480 pertinent
861 3392 942 3459 XII.
967 3391 1020 3456 alii
1048 3391 1112 3459 duo
1139 3391 1239 3459 adnu-

135 3495 279 3563 merandi
294 3504 377 3580 sunt,
400 3497 456 3582 qui
469 3498 598 3563 titulum
613 3505 729 3585 gerunt
744 3520 784 3562 ex
798 3493 904 3586 priore
920 3496 1140 3562 abbreviatum
1148 3498 1216 3563 ita:

226 3596 327 3682 „INC
344 3648 352 3664 .
370 3597 749 3669 COSMOGRAPHIA
766 3598 891 3667 ‚CVM
905 3649 913 3665 .
928 3597 1236 3669 ITINERARHS.

136 3700 240 3771 SVIS
249 3706 278 3766 “·.
1172 3706 1175 3713 ’

225 3803 333 3871 Causa
356 3815 478 3890 autem,
507 3829 565 3872 cur
590 3830 631 3875 ex
653 3807 746 3874 huius
767 3807 968 3895 potissimum
990 3806 1128 3873 familiae
1149 3807 1239 3873 libris

208 3983 274 4048 173)
294 3987 370 4038 verba
392 3988 501 4039 seilicet:
526 4005 610 4049 ‚nunc
632 3991 665 4040 ad
686 3990 809 4041 maiorem
827 3989 1047 4041 demonstrationis
1067 3989 1237 4049 structionem,

135 4073 162 4123 in
187 4079 309 4136 quantum
330 4073 459 4136 vigilantia
481 4083 568 4127 nostra
590 4077 740 4140 investigare
763 4076 846 4139 potuit
867 4077 1060 4138 demonstrabo,
1085 4089 1118 4123 ax
1135 4080 1239 4124 aeterna

136 4157 199 4207 urbe
209 4158 294 4210 Roma
309 4159 409 4212 initium
427 4175 539 4224 sumens,
557 4177 622 4226 quac
640 4170 716 4231 eaput
734 4168 773 4213 cst
791 4160 858 4213 orbis
877 4168 903 4212 et
915 4162 1018 4212 domina
1030 4157 1163 4211 Senatus.
1191 4159 1236 4210 cfr.

136 4241 248 4294 Gronov.
266 4243 319 4295 Lo.
337 4261 395 4310 pag.
409 4243 468 4298 733.
489 4254 551 4298 extr.

992 4325 1038 4391 4.
