2752 4844
662 424 725 491 165

141 619 312 681 suosque
345 598 480 684 apices
513 599 550 663 in
584 598 753 663 medium
787 597 962 684 positos,
995 600 1129 667 metrico
1154 624 1242 670 more

140 703 346 787 compositos,
368 724 426 766 sua
447 700 542 767 laude
564 701 692 768 sibimet
713 701 799 768 solus
820 701 962 767 sciebat“
986 698 1061 770 etos

229 803 365 870 Ethicus
387 805 488 892 igitur
507 805 565 871 tali
587 807 710 871 ratione
731 807 855 873 litteras
873 807 1069 893 composuit:
1093 829 1192 892 qnare
1205 816 1243 873 ut

139 910 204 972 iam
227 908 374 974 ommbns
397 908 651 995 comprobemus,
673 928 755 994 quae
778 908 818 974 de
840 909 954 976 harum
975 912 1153 978 litterarum
1168 932 1241 976 oum

140 1010 320 1099 alphabetis
349 1010 547 1080 Sclavonicis
583 1013 738 1079 affinitate
767 1013 923 1097 diximus,
957 1014 1020 1079 hoc
1047 1016 1120 1080 loco
1149 1015 1243 1081 nobis

139 1114 309 1180 ostendum
332 1117 403 1199 erit,
425 1107 611 1203 Cyrilliaam
634 1139 762 1202 quoquc
783 1126 817 1182 et
831 1117 1020 1184 Bnkwizam
1040 1118 1128 1184 haud
1150 1119 1242 1184 aliter

138 1219 236 1286 fuisse
259 1220 459 1285 constitutas.

226 1323 272 1388 Et
297 1324 441 1411 profecto
468 1347 535 1389 rem
557 1325 604 1389 ita
626 1347 660 1389 se
682 1323 801 1390 habere
824 1322 941 1390 docent
964 1325 1081 1392 ductus
1103 1327 1241 1412 apicum,

138 1449 197 1491 nec
224 1450 289 1493 non
315 1429 457 1494 virorum
486 1428 655 1494 doctorum
684 1429 752 1493 fere
781 1428 939 1512 omnium,
973 1430 1029 1515 qui
1058 1429 1099 1495 de
1126 1429 1242 1494 litteris

139 1530 338 1598 Sclavonicis
359 1533 571 1619 scripserunt,
598 1533 789 1600 testimoniis
815 1532 1022 1599 confirmatur
1033 1536 1100 1618 ⁴⁰⁶).
1146 1530 1242 1614 Quae

138 1657 202 1718 quo
224 1637 336 1702 melius
358 1637 497 1724 perspici
518 1637 660 1723 possint,
686 1637 811 1725 singula
834 1635 1097 1704 Solanonicarum
1118 1637 1242 1701 littera·

137 1761 208 1802 rum
231 1728 387 1805 elementa
407 1741 548 1806 breviter
568 1741 679 1807 licebit
701 1740 912 1807 considerare.

228 1840 259 1908 1.
302 1842 348 1907 Et
368 1844 507 1929 primurn
530 1844 659 1927 quidem
680 1845 921 1910 Hebraicam
951 1845 1150 1932 originem
1179 1841 1241 1907 sibi

137 1943 281 2010 vindicat
307 1946 415 2012 httera
441 1969 537 2031 quam
560 1946 694 2012 Terdo
723 1947 933 2014 Solavonieae
960 1948 1101 2034 regionis
1128 1952 1242 2034 gentes

138 2048 380 2132 appellant⁴⁰⁶);
396 2049 528 2115 eandem
540 2049 682 2136 proferre
691 2049 819 2116 videtur
828 2047 1017 2138 Cyrillicum
1031 2048 1241 2136 illudBoga,
1346 2096 1352 2109 ·

137 2151 223 2235 quod
246 2160 351 2218 ortum
373 2177 442 2220 esse
466 2152 545 2218 dicit
559 2151 787 2236 Frisohius⁴⁰⁷)
804 2177 844 2219 ex
866 2175 905 2219 ea
918 2153 1026 2218 littera
1040 2175 1122 2238 quae
1136 2150 1241 2216 Beth

136 2254 286 2322 hebraice
308 2257 488 2343 appellatur
512 2257 586 2343 (Π).
626 2256 719 2322 Idem
741 2257 791 2321 vir
804 2255 995 2344 Oyrillicnm
1016 2256 1035 2321 Ι
1041 2279 1082 2322 er
1103 2256 1145 2322 ad
1167 2253 1241 2320 Iod

137 2351 320 2425 hebraicum
345 2361 394 2445 (a)
418 2359 635 2426 reducendum
661 2383 732 2426 esse
754 2360 903 2427 adfirmat
913 2361 988 2444 ⁴⁰⁸);
1018 2368 1051 2426 et
1073 2359 1256 2427 Grubissi-·

136 2461 301 2548 chius⁴⁰⁰)
331 2463 437 2549 ipsum
465 2462 633 2551 Glagol,
667 2463 723 2528 sed
750 2464 870 2530 frustra
897 2472 935 2529 ut
964 2463 1092 2529 videtur
1107 2465 1189 2545 ⁴¹⁰),
1219 2483 1240 2526 a

136 2565 248 2633 Thau
273 2568 339 2652 (n)
362 2576 507 2653 repetere
533 2590 592 2633 nos
618 2567 716 2632 iubet.
761 2566 877 2652 Neque
899 2590 976 2633 vero
998 2568 1081 2632 hanc
1105 2566 1239 2634 Sclavo·

134 2671 278 2736 nicarum
299 2671 477 2755 litterarum
499 2693 582 2736 cunr
594 2670 754 2738 hebraicis
776 2671 964 2737 affinitatem
980 2670 1152 2760 ignorabat
1166 2669 1238 2734 Du·

204 2886 275 2946 405)
294 2869 417 2939 ahsente
435 2903 523 2939 omnes
535 2887 670 2939 Linhart
682 2888 814 2948 „Versnch
833 2890 902 2939 einer
911 2888 1004 2940 Gesch.
1017 2905 1067 2939 von
1078 2884 1175 2938 Krain“
1188 2892 1236 2936 etc.

135 2975 248 3023 Laibach
267 2973 344 3023 1791.
363 2968 401 3024 8⁰.
419 2981 481 3024 tom.
493 2975 531 3035 11,
549 2976 661 3025 tabulam
673 2975 699 3025 2.
714 2977 819 3025 —Ioa
832 2976 1037 3040 Dobrowsky,
1050 2970 1237 3037 „Glagolitica“

134 3075 193 3123 pag.
207 3057 329 3120 35-38,
346 3057 389 3108 44.
402 3075 458 3123 sqq.
472 3090 507 3099 -
521 3061 700 3111 Dobnerum
720 3062 748 3110 in
766 3059 988 3123 „Abhandlungen
1006 3062 1051 3110 der
1063 3059 1236 3109 Bbhmischcn

135 3143 321 3195 Gesellschaft“
340 3153 387 3194 etc.
423 3143 581 3210 Abtheilung
598 3145 622 3196 2.
642 3145 725 3211 (Prag
748 3143 832 3206 1786)
857 3147 901 3195 des
919 3146 1021 3196 Bandes
1044 3145 1091 3196 ans
1109 3146 1154 3194 das
1171 3143 1237 3193 Jahr

136 3228 213 3280 1785.
238 3229 280 3280 4⁰.
307 3246 365 3294 pag.
380 3228 438 3280 129.
452 3247 489 3294 sq.

205 3330 274 3393 100)
293 3332 339 3382 cfr.
351 3332 486 3384 Linhart
503 3333 555 3383 hc.
569 3334 646 3384 tabnl.
657 3335 691 3385 Π.
704 3342 730 3385 et
747 3336 944 3386 adnotationem
954 3365 990 3372 —
999 3334 1178 3383 Frischium
1196 3333 1234 3382 in:

135 3419 232 3483 „Origo
244 3421 396 3470 characteris
408 3419 550 3472 Sclavonici
561 3421 637 3484 vulgo
650 3421 711 3471 dicti
721 3418 841 3473 Cirnlici“
855 3429 902 3472 etc
924 3421 1089 3485 Programma
1102 3419 1234 3484 Gymnas

133 3508 290 3557 Berohaens.
311 3505 579 3557 10.1)ecemb.1727.
602 3503 644 3557 1“.
666 3523 725 3572 pag.
737 3507 763 3558 2.

202 3603 271 3666 407)
280 3607 298 3656 1
307 3621 329 3656 c.
339 3622 365 3670 p.
375 3605 400 3657 3.
409 3607 455 3657 sed
464 3606 540 3656 eham
549 3609 701 3658 sententiam
708 3607 807 3673 profert
814 3607 965 3659 Schlbzcr
977 3593 1232 3667 fflECTOPR

132 3693 269 3743 Russische
285 3692 406 3744 Annalen
424 3695 452 3743 in
473 3694 542 3743 ihrer
562 3694 745 3745 Stavonischen
762 3695 957 3758 (hunmprache
979 3696 1136 3758 verghchen‚
1157 3696 1233 3745 iiber·

133 3786 197 3828 setzt
219 3780 269 3827 und
292 3778 401 3830 01111111ιί
430 3777 462 3840 (5
479 3780 547 3830 Volt
585 3780 724 3844 thtingen
749 3778 938 3830 1802-1800.
974 3776 1036 3842 8⁰.)
1053 3781 1181 3833 volumine
1198 3782 1232 3841 11,

131 3881 190 3929 pag.
200 3862 260 3915 329.

202 3954 270 4020 408)
289 3958 341 4007 Lc.
360 3958 453 4022 pega.

202 4050 271 4113 100)
290 4053 307 4102 1.
320 4067 343 4101 c.
361 4066 419 4115 pag.
431 4049 474 4101 43.

201 4144 272 4208 410)
290 4147 385 4196 menas
405 4147 473 4197 enm
491 4147 617 4199 craesum
640 4163 696 4198 aa
718 4127 814 4216 γ’άμμα
835 4163 893 4200 cum
915 4148 1046 4200 cosano
1064 4145 1233 4213 (amantea

129 4250 188 4300 pag.
202 4231 258 4296 38.)
276 4235 412 4285 edicemus.
