2752 4844
663 360 706 426 46

133 533 223 620 vigili
251 554 329 598 cura
356 533 585 620 comperimus,
616 531 771 603 Senatum
799 533 1015 618 populumque
1041 530 1238 617 Romanum,

132 636 231 702 totius
258 637 367 701 mundi
395 635 557 718 dominos,
587 635 762 702 domitores
789 636 876 703 orbis
904 646 938 702 et
957 637 1147 723 praesules“
1172 647 1235 704 etc
1279 660 1281 669 ·

132 763 232 825 usque
258 739 301 805 ad
328 739 442 806 verba:
479 762 571 822 ,non
598 739 763 805 divisionis
789 741 921 821 merito,
949 738 1008 805 sed
1030 740 1114 806 sicut
1135 741 1238 808 incisa

132 844 197 909 suis
221 842 373 910 fluctibus
399 843 579 908 invenitur“
595 843 659 923 ¹⁶⁷).
706 840 812 925 Quem
839 844 946 909 locum
967 853 1005 910 ut
1026 867 1100 909 cum
1123 845 1237 930 primis

132 944 359 1012 casanatensis
379 946 453 1012 libri
474 945 592 1012 verbis:
620 946 741 1029 „Iulius
764 943 885 1012 Caesar
906 947 1080 1014 bissextilis
1100 949 1237 1015 rationis

131 1048 297 1114 inventor“
314 1050 443 1115 omnino
458 1047 676 1132 confuuderet,
692 1057 805 1114 auctor
817 1049 871 1115 ille
885 1073 998 1117 vocem
1014 1050 1170 1135 „Itaque“
1187 1053 1236 1117 in-

131 1152 244 1232 seruit3
269 1152 362 1217 etsie
381 1152 508 1218 demum
528 1175 599 1217 eam
613 1152 748 1217 formam
763 1160 859 1218 nacta
881 1162 931 1219 est
952 1152 1109 1239 praefatio
1128 1156 1237 1240 operis

131 1279 196 1340 qua
216 1255 250 1320 in
272 1255 366 1320 huius
387 1255 580 1320 recensionis
601 1254 691 1320 libris
712 1254 859 1340 praedita
881 1265 946 1339 est,
974 1256 1084 1321 eiectis
1107 1279 1235 1342 quoque

131 1359 237 1425 verbis
254 1357 439 1442 ,Excerpta
460 1358 527 1424 eius
543 1356 707 1442 Sphaerus
730 1358 780 1421 vel
802 1358 999 1424 continentia
1071 1382 1234 1446 exponen-

52 1472 58 1478 ’
132 1460 206 1527 dam
221 1461 446 1543 credidimus“,
467 1460 511 1526 de
526 1459 640 1545 quibus
656 1483 754 1546 supra
768 1460 869 1526 firsius
884 1460 1126 1547 disputavimus.
1158 1464 1235 1530 Nisi

130 1566 223 1649 forte,
245 1564 281 1630 id
302 1562 388 1648 quod
411 1564 570 1631 affirmare
590 1585 656 1629 non
677 1585 856 1648 possumus,
878 1565 993 1629 iamin
1008 1565 1130 1630 Dicuili
1151 1567 1235 1635 libro

132 1678 165 1734 et
191 1670 225 1734 in
254 1668 375 1733 codicis
398 1664 625 1732 Casauateusis
651 1666 825 1754 archetypo
848 1667 967 1733 omissa
988 1691 1028 1733 ea
1048 1668 1147 1735 fuisse
1168 1679 1235 1737 sta·

130 1773 284 1839 tuendum
308 1780 366 1837 est.

219 1875 304 1941 Tum
332 1884 439 1941 autem
464 1872 551 1939 idem
574 1873 765 1959 castigator,
794 1896 892 1958 quum
914 1897 1020 1939 rerum
1041 1876 1235 1964 geographi·

131 2001 241 2044 carum
264 1978 489 2066 compendium
511 1976 603 2061 quasi
623 1976 719 2041 vellet
739 1977 915 2060 instituere,
938 1979 1018 2044 alios
1040 1979 1175 2045 subinde
1196 1981 1235 2045 li·

130 2082 206 2148 bros
229 2091 261 2146 et
284 2084 339 2167 qui
362 2082 547 2165 neutiquam
571 2077 613 2143 ad
635 2102 705 2143 eam
727 2081 904 2164 pertinent,
926 2080 1063 2148 Houorii
1086 2080 1235 2150 Oratoris

131 2183 405 2273 Cosmographiae
433 2181 567 2250 addidit.
620 2178 730 2263 Quare
764 2192 840 2269 post
867 2183 977 2250 Orosii
1002 2186 1234 2273 geographiam

130 2289 234 2374 primo
263 2288 335 2356 loco
365 2288 472 2374 posuit
506 2283 791 2369 „Descriptionem
824 2287 912 2353 urbis
939 2286 1101 2372 Romae“,
1135 2313 1234 2374 quam

129 2392 218 2458 hisce
246 2393 352 2458 verbis
380 2389 570 2455 intromissis
598 2389 831 2475 conglutinavit
859 2412 932 2456 curn
961 2389 1070 2458 Orosii
1096 2417 1233 2482 geogra-

130 2497 220 2581 phia:
255 2517 365 2580 ,nuno
394 2492 436 2560 ad
464 2494 617 2558 maiorem
643 2491 924 2562 demonstrationis
946 2496 1170 2582 structionem,
1198 2499 1233 2563 in

130 2610 285 2685 quantum
310 2598 475 2686 vigilantia
496 2604 607 2662 nostra
628 2596 822 2686 investigare
844 2601 968 2685 potuit,
996 2600 1233 2686 demonstrabo,

130 2728 170 2769 ex
193 2713 322 2770 aeterua
343 2702 422 2767 urbe
443 2699 550 2766 Roma
570 2699 697 2767 initium
719 2725 864 2786 sumens,
887 2725 969 2788 quae
991 2712 1089 2790 caput
1110 2713 1159 2770 est
1181 2729 1233 2772 or·

129 2807 180 2872 bis
202 2814 235 2872 et
258 2805 387 2872 domina
409 2807 569 2872 senatus“.

217 2908 367 2994 Denique
395 2907 508 2975 iisdem
535 2909 602 2974 fere
627 2910 735 2976 verbis
756 2910 887 2975 tertium
909 2931 989 2994 opus
1011 2930 1084 2973 cum
1107 2908 1234 2979 duobus

129 3013 394 3099 praecedentibus
416 3013 590 3096 coniunxit,
612 3013 815 3079 Itinerarium
833 3011 955 3077 scilicet
972 3011 1059 3094 quod
1073 3012 1233 3079 Antonini

130 3118 272 3206 Augusti
294 3126 427 3199 vocaut3
459 3141 541 3204 quae
563 3117 661 3183 verba
683 3114 857 3181 secundum
879 3113 999 3180 codicis
1022 3115 1231 3200 Neapolitani

128 3221 303 3289 Borbonici
326 3224 550 3289 auctoritatem
572 3222 619 3285 ita
639 3221 803 3306 legrmtur:
829 3217 911 3300 „His
933 3219 1032 3305 igitur
1054 3220 1160 3284 tahter
1174 3219 1231 3286 de-

130 3327 242 3410 cursis,
264 3325 305 3392 ad
328 3327 480 3394 maiorem
503 3322 805 3390 demonstrationem
820 3322 1017 3408 singularum
1032 3322 1142 3387 mundi
1156 3347 1231 3408 par-

129 3431 209 3497 tium
231 3432 347 3497 itinera
368 3429 578 3497 describam“.

216 3537 332 3621 Itaque
354 3535 468 3600 tertiae
492 3526 686 3594 recensionis
709 3536 831 3611 auctor,
854 3550 1046 3613 quamquam
1069 3529 1132 3594 alia
1153 3553 1232 3617 geo·

128 3640 284 3728 graphica
298 3641 434 3704 fortasse
456 3633 556 3697 multa
578 3631 701 3695 sivein
724 3654 817 3698 suum
839 3634 961 3700 sivein
984 3633 1117 3698 eliorum
1137 3656 1231 3699 usum

127 3744 161 3809 in
184 3742 320 3810 eundem
343 3737 487 3804 codicem
509 3734 687 3821 congessit,
714 3743 821 3802 tamen
844 3747 981 3822 quatuor
1003 3737 1116 3803 saltem
1138 3759 1231 3822 prae·

128 3847 233 3912 dictas
254 3851 362 3930 partes
384 3839 431 3903 ita
452 3860 577 3903 summa
598 3861 697 3925 opera
723 3843 974 3929 conglutinavit,
1001 3850 1038 3906 ut
1059 3864 1158 3905 unum
1181 3851 1232 3906 at-

129 3973 191 4036 que
218 3946 304 4012 idem
334 3964 414 4028 opus
441 3939 625 4008 viderentur
646 3944 848 4010 constituere.
896 3945 971 4029 Qua
992 3969 1033 4013 ex
1054 3967 1089 4009 re
1111 3953 1233 4027 quanta

201 4177 267 4240 167)
286 4178 332 4227 cfr.
353 4177 462 4228 Gronov.
481 4191 538 4239 pag.
553 4176 612 4227 705.
631 4193 695 4228 vers.
710 4176 813 4228 3-26.
