2752 4844
705 407 801 517 ‘52

230 583 367 666 reliquos
395 582 509 645 tertiae
537 580 730 645 recensionis
759 579 887 645 codices
915 589 1042 645 exortos
1071 602 1140 646 esse
1170 579 1331 649 credimus

231 708 269 750 ea
291 694 355 768 est,
385 687 459 770 quia
488 683 644 748 hocloco
667 684 780 748 vitium
801 682 880 748 illud
901 686 1039 770 primum
1061 685 1221 749 invenitur
1243 686 1331 770 quod

230 789 344 855 deinde
366 787 504 872 reliquos
526 786 625 851 libros
646 809 756 851 omnes
772 785 967 852 defoedavit:
992 787 1114 852 scilicet
1129 796 1166 853 ut
1187 811 1329 855 nomen

229 892 395 980 Didymi
417 892 626 957 omitteretur.
664 888 770 971 Quem
793 891 876 956 enim
899 891 1044 974 quamvis
1064 890 1142 956 VH.
1165 890 1260 957 huius
1282 894 1329 957 fa·

228 997 334 1060 miliae
353 996 428 1062 libri
450 995 563 1080 optimi
583 995 790 1080 servaverint,
811 993 845 1058 in
865 994 995 1078 reliquis
1017 1001 1123 1060 tamen
1144 1002 1181 1058 ut
1201 994 1329 1060 videtur

228 1100 374 1165 omnibus
397 1097 527 1179 excidit,
548 1098 596 1161 ita
616 1104 654 1161 ut
675 1098 721 1161 illi
742 1106 808 1162 tres
828 1105 954 1161 tantum
975 1119 1136 1162 mensores
1150 1097 1248 1163 fixisse
1263 1107 1329 1164 tra-

227 1201 315 1267 dant.
374 1200 483 1283 Quare
513 1199 641 1266 codices
670 1200 809 1265 familiae
837 1200 876 1264 B.
906 1202 940 1265 in
969 1209 1034 1265 tres
1061 1209 1170 1286 partes
1199 1200 1327 1268 abeunt.

226 1304 352 1371 Harum
381 1313 487 1370 autem
513 1305 654 1390 partium
682 1305 804 1388 primae
832 1302 1086 1372 adiudicabimus
1114 1303 1243 1370 codices
1266 1305 1327 1370 VI.

225 1409 376 1493 optimos,
399 1409 454 1492 qui
474 1406 604 1492 quidem
623 1429 664 1472 ex
679 1407 901 1491 antiquissimo
910 1406 1160 1472 vindobonense
1174 1409 1329 1494 exscripti

226 1519 310 1575 sunt.
355 1511 408 1575 Ex
430 1510 481 1575 his
507 1508 621 1575 deinde
645 1508 802 1574 secundae
826 1511 936 1575 classis
955 1510 1029 1574 libri
1051 1509 1128 1574 VH.
1151 1513 1220 1575 nati
1242 1520 1328 1594 sunt,

225 1616 293 1679 sive
315 1616 339 1680 ii
362 1615 417 1699 qui
438 1612 616 1700 Didymum
639 1613 803 1678 omittunt:
834 1635 969 1698 quorum
995 1614 1118 1699 priores
1139 1614 1200 1698 V.,
1229 1636 1328 1699 quum

226 1717 359 1783 eandem
393 1718 633 1802 inscriptionem
664 1714 820 1798 habeant,
860 1715 1002 1780 eiusdem
1036 1715 1160 1782 codicis
1186 1717 1326 1783 habendi

224 1828 300 1886 sunt
327 1820 522 1908 apographa.
568 1819 716 1903 Denique
743 1827 912 1904 supersunt
938 1817 1002 1883 duo
1024 1828 1120 1905 atque
1141 1822 1181 1904 ii,
1210 1821 1326 1906 quibus

223 1925 351 1990 brevior
373 1925 431 2004 ¹ille
459 1924 571 1989 titulus
593 1923 770 2015 communis
792 1931 856 2005 est,v
886 1945 983 2007 quare
1007 1924 1141 1989 alterum
1162 1947 1204 1990 ex
1224 1926 1326 1990 altero

224 2028 419 2113 exscriptum
448 2049 516 2092 esse
547 2026 767 2099 iudicabimus.
824 2025 939 2110 Neque
967 2027 1051 2091 enim
1077 2028 1110 2092 in
1138 2035 1229 2093 tanto
1257 2052 1326 2094 ma·

222 2132 457 2216 nuscriptorum
486 2130 639 2196 librorum
665 2150 797 2194 numero
829 2131 898 2193 veri
932 2129 1034 2194 simile
1063 2139 1112 2196 est
1138 2132 1239 2224 iatere
1267 2132 1325 2196 ad·

222 2232 286 2298 huo
308 2233 441 2316 multos,
477 2241 509 2297 et
536 2233 724 2318 praesertim
752 2254 807 2297 eos
836 2234 891 2316 qui
918 2235 1088 2300 recentiori
1116 2243 1221 2299 aetate
1248 2258 1325 2301 con-

221 2338 298 2401 fecti
320 2345 409 2416 sunt3
438 2338 485 2402 ita
506 2344 543 2400 ut
564 2334 651 2399 haud
672 2336 806 2400 mtdtum
829 2335 976 2401 aberrare
1003 2337 1178 2422 credimus,
1200 2340 1228 2404 si
1250 2348 1283 2403 et
1305 2363 1324 2404 a

221 2440 464 2507 Vindobonensi
493 2438 604 2503 codice
631 2439 778 2505 meliores
805 2448 901 2505 notae
930 2464 1003 2525 sex,
1032 2449 1064 2505 et
1092 2441 1203 2506 eodem
1226 2443 1323 2508 modo

221 2545 360 2629 reliquos
384 2543 424 2608 ab
445 2565 508 2607 uno
532 2541 708 2627 eodemque
728 2542 810 2608 libro
834 2567 997 2610 emanasse
1020 2544 1163 2610 dicimus.
1212 2544 1321 2628 Quam

222 2649 358 2714 remita
380 2669 414 2712 se
437 2644 555 2713 habere
576 2644 641 2709 iam
663 2646 733 2711 aliis
755 2649 953 2736 argumentis
975 2648 1273 2715 demonstrabimus.

758 2870 785 2934 1.

509 3002 640 3044 comens
663 3004 796 3046 onmurs
818 3004 947 3046 Pmoms
967 3003 1024 3044 vn.

308 3117 348 3182 Β.
373 3115 1139 3211 Cod.VindobonensisGeesareus181.
1168 3119 1318 3187 Hister.

219 3221 373 3307 profan.
391 3222 477 3291 658.
505 3222 713 3306 (Endlichero
729 3222 968 3306 ΟΟΟΧΧΙΧ.)
993 3223 1108 3287 saecul.
1124 3221 1219 3288 VIII.
1244 3247 1320 3290 exa-

136 3363 142 3385 „
219 3333 279 3389 rat.
309 3325 522 3393 membranae.
550 3325 864 3395 litteris'unoialibus
887 3326 1056 3412 conscript.
1093 3327 1241 3391 foliorum
1266 3331 1317 3396 60.

218 3429 251 3491 in
301 3430 323 3491 ⁰.
662 3445 664 3448 ’

278 3429 435 3599 4Ιηεωηε
463 3535 517 3601 fol.
536 3538 564 3602 1.
587 3531 996 3616 Pseudo-Aethione,
1019 3535 1073 3617 qui
1096 3534 1222 3619 incipit:
1248 3535 1318 3617 „In

219 3635 376 3701 nomine
404 3638 481 3703 Dei
508 3636 649 3702 summi
673 3658 699 3696 ro
727 3633 885 3719 Incipit
909 3632 1232 3727 Cosmographia
1260 3639 1318 3702 fe-

218 3737 357 3803 liciter
380 3763 465 3805 cum
487 3738 730 3802 Itenerariis
753 3738 835 3802 suis
858 3747 896 3802 et
918 3740 1108 3825 portibus
1130 3749 1168 3806 et
1191 3763 1236 3806 ex
1259 3741 1317 3806 fa-

165 3956 169 3961 ,
220 3886 350 3950 stibus
372 3885 635 3948 Romanorum
659 3892 697 3947 et
721 3863 924 3951 consdlum
947 3887 1175 3952 nominibus
1198 3897 1235 3952 et
1258 3887 1317 3953 di·

219 3989 362 4067 versis,
386 3987 472 4050 sine
494 4007 569 4068 quo
592 4009 705 4052 nemo
727 3988 988 4074 prudentium
1012 4011 1099 4054 esse
1120 3998 1265 4075 potest.
1290 4015 1316 4055 ω

221 4089 432 4173 „Lectionum
454 4087 601 4176 pervigili
624 4088 712 4154 cura
729 4139 836 4156 .......
866 4114 947 4176 quae
975 4099 1072 4177 caput
1100 4101 1149 4156 est
1176 4091 1262 4158 orbis
1285 4101 1317 4158 et

137 4233 139 4239 ·
214 4187 347 4254 'domina
370 4188 542 4258 Senatus“.
594 4191 728 4259 EXPL.
755 4193 1008 4261 FELICITER
1037 4193 1317 4263 DESCRIPTIO
