2736 4838
746 396 810 464 148

228 584 328 657 „tum‚
350 573 379 638 si
393 573 557 661 gentilium
572 573 748 638 litterarum
764 571 863 637 hbros
878 571 1049 654 aliquando
1064 570 1226 658 legissem.
1258 571 1328 659 Ego

228 678 358 762 „quiin
380 685 471 742 tanto
493 677 684 742 constrictus
706 674 841 741 articulo
856 675 970 740 vellem
992 675 1088 740 etiam
1110 674 1238 743 maiora
1258 698 1328 761 pro·

229 783 393 866 „mittere‚
423 778 565 846 deierare
594 779 686 866 coepi
714 788 747 845 et
775 800 891 843 nomen
919 776 988 844 eius
1016 777 1183 844 obtestans
1206 778 1325 845 dicere:

228 884 419 968 „„Domiue‚
442 884 469 949 si
488 905 640 968 umquam
653 882 795 949 habuero
810 879 940 947 codices
954 881 1144 965 saeculares,
1167 881 1198 948 si
1211 883 1328 970 legero,

228 998 280 1072 „te
302 987 471 1075 negavi““.
506 986 565 1070 „In
586 985 667 1051 haec
689 984 880 1052 sacramenti
898 983 996 1050 verba
1013 983 1163 1050 dimissus
1185 993 1327 1052 revertor

227 1091 290 1175 „ad
312 1112 459 1176 superos3
487 1100 521 1154 et
541 1089 731 1155 mirantibus
753 1087 879 1155 cunctis
902 1087 1012 1154 oeulos
1035 1087 1146 1173 aperio
1166 1095 1263 1153 tanto
1284 1090 1326 1154 la

226 1216 429 1282 „orymarnm
456 1193 559 1258 imbre
587 1193 751 1279 pertusos,
778 1199 815 1257 ut
843 1191 941 1256 etiam
968 1190 1139 1257 incredulis
1161 1191 1262 1257 fidem
1283 1193 1326 1257 fa

227 1320 359 1382 „cerem
380 1319 420 1362 ex
448 1295 566 1363 dolore.
613 1285 690 1361 ¹Neo
718 1317 794 1361 vero
824 1316 920 1381 sopor
947 1293 1001 1359 ille
1027 1294 1133 1359 fuerat
1163 1302 1221 1360 aut
1246 1317 1326 1383 vana

226 1401 386 1485 „somnia,
407 1398 524 1483 quibus
546 1421 642 1486 saepe
664 1398 846 1464 diludimur.
887 1396 994 1464 Testis
1016 1406 1066 1463 est
1087 1396 1229 1465 tribunal
1251 1397 1325 1463 illud

227 1512 320 1587 „ante
342 1501 429 1587 quod
449 1503 545 1584 iacui,
567 1502 659 1568 testis
680 1501 834 1567 iudicium
850 1499 1042 1585 tristequod
1055 1500 1164 1566 timui:
1188 1501 1237 1566 ita
1251 1500 1324 1565 mibi

226 1627 418 1690 „numquam
441 1605 607 1694 contingat
627 1606 661 1669 in
683 1605 780 1671 talem
794 1603 936 1669 incidere
949 1604 1179 1689 quaestionem.
1208 1602 1323 1670 Liven-

226 1718 295 1792 „tes
315 1710 419 1775 fateor
440 1708 589 1774 habuisse
612 1732 663 1775 me
685 1708 844 1794 scapulas,
865 1707 979 1794 plagas
1001 1708 1136 1774 sensisse
1151 1716 1228 1793 post
1245 1729 1323 1773 som·

226 1834 338 1897 „num‚
370 1820 403 1877 et
432 1820 522 1876 tanto
552 1809 667 1878 dehinc
696 1813 804 1893 studio
834 1811 943 1877 divina
969 1810 1085 1900 legisse
1113 1819 1236 1896 quanto
1264 1833 1322 1876 non

225 1923 319 2000 „ante
341 1915 489 1982 mortalia
509 1917 681 2002 legeram“.

309 2035 424 2121 Neque
446 2036 497 2101 his
519 2036 621 2102 solum
645 2036 840 2124 argumentis
862 2036 989 2102 utimur.
1027 2032 1114 2099 Nam
1136 2034 1170 2098 in
1193 2032 1322 2101 Cosmo·

223 2139 359 2227 graphia
381 2143 470 2226 (pag.
487 2141 563 2222 501,
586 2161 614 2204 a.
637 2140 716 2225 fin.)
730 2140 948 2227 Hieronymus
967 2147 1212 2224 praeceptorem
1235 2162 1321 2205 suum

223 2243 353 2307 Aelium
365 2242 537 2306 Donatum·
549 2241 674 2306 laudat:
700 2243 869 2325 „Donatus
891 2242 969 2308 mihi
990 2242 1075 2307 inter
1088 2243 1249 2310 maximos
1264 2244 1321 2330 pri·

209 2365 293 2409 ,mus
319 2352 482 2429 praeerat,
512 2352 545 2408 et
571 2344 714 2432 Magnus
740 2346 775 2409 in
804 2345 990 2434 euphonicis
1017 2345 1182 2429 versibus,
1212 2347 1322 2432 quibus

221 2468 272 2512 me
295 2447 349 2512 diu
372 2446 534 2513 laborasse
555 2448 727 2534 profiteor“
753 2455 813 2514 etc.

307 2565 399 2633 Idem
421 2568 533 2634 scribit
554 2591 628 2656 pag.
641 2569 722 2651 504,
737 2569 786 2635 dc
874 2565 1133 2651 „characteribus
1155 2566 1321 2650 hebraicis,

220 2671 362 2758 graecis,
390 2672 514 2754 latinis,
543 2670 734 2753 chaldaicis„
764 2670 858 2757 syriis
887 2679 984 2757 atque
1013 2670 1191 2758 aegyptiis,
1227 2693 1321 2757 quac

186 2781 188 2784 ’
220 2768 338 2839 nobis
366 2796 412 2838 ex
440 2782 558 2860 parte
585 2773 720 2838 vicina
742 2777 870 2840 sunt“.
917 2772 992 2857 Qua
1015 2795 1111 2841 exre
1134 2773 1320 2862 colligimus,

221 2874 496 2966 Cosmographiae
519 2876 741 2942 translatorem
764 2899 828 2962 quo
852 2885 996 2965 tempore
1017 2899 1088 2944 eam
1108 2878 1276 2944 tractabat
1293 2878 1320 2943 in

221 2975 354 3045 Oriente
375 2986 536 3045 versatum
558 2979 671 3062 fuisse3
699 2981 916 3069 Hieronymus
929 2989 1051 3047 autem
1076 2979 1152 3046 inde
1176 2981 1219 3047 ab
1243 3005 1320 3048 anno

220 3082 296 3166 385,
319 3104 427 3149 mense
443 3085 604 3171 Augusto,
627 3102 729 3170 usque
751 3084 793 3150 ad
814 3093 950 3150 mortem
965 3091 1056 3150 suam
1074 3106 1102 3149 a.
1118 3084 1197 3152 420.
1213 3084 1249 3150 in
1263 3085 1320 3151 Pa·

219 3186 353 3254 laestina
377 3196 592 3254 commoratus
615 3197 673 3254 est.
778 3184 785 3191 ’

309 3324 390 3413 Pag.
411 3327 496 3409 490,
530 3349 561 3411 p.
592 3325 675 3392 med.
705 3322 980 3414 Cosmographiae
1007 3325 1165 3410 interpres
1195 3329 1317 3396 scribit:

223 3449 324 3510 „quae
352 3428 444 3517 nobis
471 3426 611 3495 scribere
639 3429 690 3493 vel
718 3429 825 3515 legere
853 3452 917 3495 non
944 3427 1152 3512 estamplius
1176 3453 1318 3512 necessa

221 3550 303 3612 quae
325 3551 383 3594 nos
405 3530 439 3594 in
460 3531 577 3596 nostris
592 3531 759 3596 codicibus
774 3531 1075 3597 commentavimusz
1097 3531 1137 3596 in
1151 3531 1319 3602 Brevia·

220 3629 280 3694 rio
309 3630 472 3698 scilieet
501 3643 643 3698 eontra
670 3633 899 3701 haereticos
927 3623 1191 3716 ¹detractores
1220 3640 1342 3727 male·

219 3733 457 3805 latrantes“.
504 3733 603 3818 Quod
631 3730 759 3821 quidem
788 3761 870 3825 opus
894 3739 978 3803 inter
1000 3738 1122 3825 scripta
1144 3738 1180 3809 S.
1204 3741 1317 3809 Hiero

218 3836 307 3922 nymi
335 3835 431 3903 hodie
459 3862 523 3905 non
551 3847 653 3918 extat3
691 3842 826 3908 fortasse
854 3841 950 3908 etiam
970 3863 1063 3908 nunc
1090 3842 1124 3908 in
1153 3843 1317 3914 codicibus

218 3940 443 4027 manuscriptis
465 3943 581 4009 alicubi
602 3944 689 4009 latet.

307 4082 337 4145 2.
383 4077 497 4163 Neque
525 4104 601 4146 vero
630 4082 684 4147 alii
710 4080 772 4148 loci
800 4105 860 4170 pro
890 4081 925 4150 S.
955 4081 1154 4172 Hieronymo
1184 4085 1317 4155 Cosmo·

218 4180 372 4265 graphiae
399 4181 508 4250 Ethici
535 4183 709 4272 interprete
736 4208 800 4253 non
829 4195 992 4276 pugnant,
1018 4188 1139 4277 quippe
1166 4190 1337 4286 quicum
