2752 4844
539 1384 759 1505 GAPVT
795 1388 834 1501 Ι.

173 1581 466 1654 rnsruroun
488 1583 548 1650 nr
570 1581 757 1652 rumen
778 1580 999 1651 msoavu
1019 1528 1218 1680 nomo-‘2

484 1695 588 1763 nvn
610 1697 674 1762 nn
696 1692 883 1762 urmco.

134 1877 383 2018 ETHIOI²²⁴)
399 1936 583 2024 philosophi
592 1937 890 2025 Cosmographiam,
902 1940 962 2003 etsi
977 1939 1036 2004 sub
1051 1940 1146 2003 finem
1162 1939 1237 2002 anni

140 2037 235 2106 1852.
250 2040 388 2125 primum
402 2041 533 2127 prodiit,
547 2051 655 2108 tamen
669 2041 743 2106 inde
759 2064 779 2105 a
793 2041 919 2106 saeculo
934 2050 1009 2127 post
1021 2039 1097 2106 Chr.
1115 2065 1146 2105 n.
1166 2062 1237 2125 sep-

137 2143 217 2207 timo
233 2151 265 2207 et
280 2141 315 2210 S.
331 2143 448 2210 Isidori
468 2155 572 2212 aetate
587 2146 628 2211 ab
644 2145 827 2210 auctoribus
844 2145 1011 2232 permultis
1027 2154 1059 2210 et
1073 2143 1237 2209 laudatam

137 2248 316 2313 invenimus
339 2257 371 2312 et
393 2250 595 2336 exscriptam.
642 2246 716 2330 Quo
737 2249 842 2336 magis
862 2249 954 2316 nobis
976 2248 1155 2314 mirandum
1178 2255 1238 2330 est,

138 2351 226 2435 quod
252 2375 293 2419 ex
319 2359 389 2417 toto
418 2354 559 2420 virorum
588 2353 644 2438 qul
671 2352 712 2418 de
733 2353 854 2419 Ethico
880 2354 1074 2440 scripserunt
1096 2373 1238 2434 numero,

115 2467 118 2471 ’
140 2463 172 2520 et
194 2477 274 2540 quos
296 2455 387 2520 initio
401 2455 495 2524 huius
510 2458 616 2544 operis
630 2455 840 2539 laudavimus,
854 2458 1007 2542 perpauci
1020 2464 1145 2520 tantum
1158 2451 1239 2519 Cos·

139 2558 360 2645 mographiam
389 2570 531 2626 nostram
561 2584 592 2625 a·
606 2559 713 2624 libello
735 2558 810 2623 Iulii
833 2556 980 2624 Oratoris
1009 2555 1240 2646 segregandam

141 2683 210 2727 esse
231 2673 471 2749 perspexerrmt.
508 2663 575 2731 Sed
596 2662 642 2727 illi
664 2684 773 2729 omnes
794 2661 860 2727 fere
881 2661 916 2726 in
930 2661 1049 2726 Ethico
1070 2658 1240 2725 tractando
1346 2708 1354 2731 .

141 2773 232 2830 tanta
252 2767 383 2832 levitate
404 2769 456 2834 usi
477 2775 562 2851 sunt,
582 2775 619 2832 ut
641 2766 826 2832 certissimis
847 2766 992 2854 vestigiis
1006 2766 1100 2852 plane
1115 2765 1242 2851 neglec-

142 2869 200 2952 tis,
222 2870 361 2937 incertas
384 2872 583 2937 coniecturas
606 2871 696 2956 sequi
718 2891 813 2955 quam
835 2870 986 2956 —quod
1008 2869 1136 2955 quidem
1155 2875 1241 2934 certe

142 2974 306 3058 operosius
334 2983 384 3039 est
413 3013 454 3022 —
482 2975 673 3039 testimoniis
701 2983 846 3039 veterum
879 2983 1045 3039 auctorum
1073 2973 1242 3058 diligenter

142 3075 283 3158 undique
306 3076 458 3159 collectis,
480 3077 668 3142 firmissimis
690 3075 840 3140 subsidiis
861 3076 922 3139 niti
941 3077 1079 3140 mallent.
1114 3074 1167 3139 Ex
1181 3074 1243 3140 hac

144 3177 215 3261 ipsa
237 3175 351 3241 deinde
373 3178 568 3266 negligentia
588 3177 783 3244 incredibilis
804 3178 859 3242 illa
879 3178 1105 3243 sententiarum
1118 3185 1243 3264 pertur-

144 3278 232 3344 batio
255 3287 288 3344 et
310 3280 453 3347 confusio
476 3289 546 3347 orta
570 3289 641 3366 est,
665 3280 705 3346 de
728 3303 791 3365 qua
813 3304 910 3368 supra
930 3280 1042 3366 paucis
1068 3281 1244 3369 disputavi-

144 3405 230 3462 mus3
266 3405 363 3467 quare
390 3392 428 3449 ut
456 3386 550 3452 certis
580 3385 779 3451 documentis
807 3385 884 3470 quid
912 3408 952 3450 ex
979 3385 1169 3452 testimoniis
1190 3409 1244 3452 ve-

145 3496 249 3552 terum
272 3487 485 3575 colligendum
509 3498 577 3555 erat
606 3490 864 3576 comprobemus,
893 3496 1059 3556 auctorum
1087 3490 1142 3576 qui
1164 3487 1245 3557 Cos·

197 3701 266 3764 224)
279 3705 310 3754 In
322 3705 392 3755 libris
406 3707 507 3769 optimis
519 3709 619 3770 saepius
631 3706 763 3756 Ethicus
777 3722 853 3770 quam
864 3707 1017 3757 Aethione
1029 3705 1244 3772 Cosmographiae
1343 3711 1346 3718 '

147 3798 235 3840 auctor
252 3791 401 3854 appellatur,
420 3806 507 3842 omnes
526 3801 610 3843 antem
628 3795 728 3844 codices
745 3795 772 3841 in
790 3794 839 3842 fine
855 3794 938 3856 operis
950 3793 1014 3842 haec
1025 3794 1102 3844 verba
1113 3794 1244 3844 exhibent:

149 3877 277 3940 „Explicit
293 3878 358 3927 liber
368 3877 452 3927 Ethici
468 3879 614 3942 philosophi
630 3879 815 3942 cosmographi,
832 3881 934 3929 natione
948 3879 1074 3944 Scythica,
1092 3881 1171 3929 nobili
1187 3895 1245 3943 pro·

148 3965 219 4027 sapia
236 3969 376 4027 parentum.
413 3964 460 4013 Ab
485 3979 521 4014 eo
545 3966 626 4015 enim
643 3965 758 4014 Ethica
775 3965 984 4030 Philosophia
1005 3983 1021 4017 a
1043 3967 1176 4028 reliquis
1195 3979 1245 4014 sa·

147 4050 311 4114 pientibus
339 4051 494 4113 originem
521 4050 651 4101 traxit“.
694 4051 782 4113 Itaque
809 4053 938 4103 auctorem
970 4059 1085 4102 nostrum
1112 4057 1246 4114 propterca

151 4137 220 4198 quod
239 4137 353 4195 ,ethicae
371 4137 563 4201 philosophiae“
582 4138 696 4187 addictus
714 4145 768 4188 crat
779 4138 883 4189 Ethici
901 4138 1051 4202 cognomine
1069 4137 1190 4187 donatum
1207 4137 1246 4187 fu·

149 4223 200 4272 isse
219 4224 342 4287 suspicor,
361 4225 473 4288 quamvis
491 4224 567 4274 hodie
586 4225 617 4274 dc
635 4225 683 4275 huc
700 4239 727 4275 re
746 4225 808 4276 nihil
825 4227 887 4276 certi
904 4223 1087 4275 affirmaverim.
