2752 4844
747 441 779 480 vl

212 592 360 666 riendos
388 616 468 666 esse
494 591 640 682 credidi,
664 602 706 665 ut
729 602 816 691 post
841 601 897 665 tot
922 591 1067 667 saecula
1088 601 1229 667 eertum
1253 592 1317 666 ali-

215 714 301 811 quid
328 712 373 786 de
398 712 528 787 Ethieo
545 713 703 812 proferri
727 714 875 786 tandem
899 722 1036 812 posset.

312 832 413 924 Quae
437 859 497 908 res
523 834 554 908 si
578 834 674 908 forte
701 833 821 932 aliqua
846 859 895 908 ex
919 843 1023 934 parte
1045 831 1134 906 mihi
1155 833 1318 932 contigit,

162 1005 167 1016 ι
213 963 335 1029 tamen
361 979 494 1028 vereor
518 980 565 1029 ne
589 954 627 1028 in
654 955 790 1030 crimen
815 954 974 1029 levitatis
999 955 1168 1031 incidisse
1192 954 1319 1029 multis

213 1077 355 1166 videar,
397 1076 482 1173 quia
518 1075 744 1174 gravissimis
782 1075 1056 1175 quaestionibus
1088 1076 1134 1149 de
1167 1085 1318 1150 auctore

214 1195 525 1295 Cosmographiae
556 1195 637 1295 ipso
663 1197 827 1272 nondum
852 1197 997 1288 solutis,
1028 1206 1170 1297 partem
1196 1197 1318 1294 operis

213 1319 313 1392 foras
347 1318 583 1392 emittendam
614 1341 694 1393 esse
724 1317 862 1418 putavi.
921 1317 1004 1392 Hoe
1038 1319 1161 1391 autem
1195 1343 1237 1390 ea
1268 1343 1318 1391 ex

216 1466 325 1519 eausa
354 1439 492 1513 factum
524 1447 594 1530 est,
624 1438 725 1538 quod
756 1438 901 1514 codices
926 1439 1164 1536 manuscripti
1189 1463 1315 1512 omnes

215 1561 278 1659 qui
293 1559 427 1635 librum
438 1560 557 1634 Ethioi
576 1559 752 1634 exhibent
768 1558 968 1636 scribarum
986 1559 1207 1658 negligentia
1222 1566 1315 1631 tant

215 1708 326 1781 opere
352 1680 546 1755 deformati
572 1691 671 1772 sunt,
702 1689 743 1754 ut
766 1680 939 1779 permulti
962 1680 1036 1757 looi
1060 1680 1165 1755 nobis
1191 1703 1318 1753 oecur-

214 1812 298 1876 rant
314 1802 446 1900 quibus
470 1827 598 1876 sensus
615 1801 683 1876 vix
704 1802 823 1876 inesse
840 1800 1017 1875 videatur.
1055 1800 1175 1892 Quare
1192 1825 1318 1898 quam-

214 1924 271 1998 vis
298 1923 420 1997 omnia
444 1923 554 1996 hodie
580 1922 722 1996 absolvi
747 1922 847 1995 nullo
870 1920 983 1996 modo
1006 1922 1159 2020 possint„
1184 1945 1318 2020 operae

214 2055 338 2119 tamen
367 2044 526 2142 pretium
557 2042 626 2116 erit
654 2068 723 2141 pro
756 2041 852 2116 virili
882 2052 987 2140 parte
1013 2043 1059 2116 ad
1084 2042 1318 2141 quaestiones

216 2164 445 2240 difficillimas
476 2161 746 2237 diiudicandum
777 2186 895 2262 pauca
924 2163 1105 2239 attulisse:
1149 2163 1181 2237 si
1211 2162 1319 2253 sorte,

216 2287 317 2362 aditu
341 2286 388 2358 ad
411 2284 524 2358 libros
549 2283 818 2383 manuscriptos
834 2283 1029 2382 patefacto,
1054 2285 1248 2360 doctorum
1264 2284 1319 2357 vi-

216 2432 343 2480 rorum
373 2405 551 2481 industria
581 2404 742 2480 melioris
772 2413 882 2479 notae
920 2405 1064 2482 codices
1097 2404 1318 2504 investigare

215 2527 343 2629 possit.

314 2646 357 2720 In
382 2647 446 2720 tali
471 2658 594 2721 autem
618 2671 741 2721 rerum
767 2647 976 2723 conditione
1002 2649 1033 2722 si
1057 2675 1079 2721 a
1103 2673 1193 2722 vero
1219 2647 1320 2745 paul-

217 2771 294 2843 lum
311 2767 499 2844 aberrasse
515 2768 684 2866 cuiquam
700 2768 839 2860 videor,
861 2793 906 2842 eo
926 2768 1042 2866 magis
1059 2769 1215 2843 sortasse
1234 2793 1320 2843 eon-

219 2889 429 2965 donandum
458 2889 543 2982 erit,
575 2916 648 2987 quo
673 2889 793 2963 minus
819 2914 1080 2987 saepenumero
1105 2891 1142 2963 in
1168 2888 1320 2964 Cosmo-

219 3010 370 3111 graphia
397 3010 517 3084 Ethiei
544 3037 620 3084 non
654 3012 772 3084 solum
808 3011 1007 3084 verborum
1036 3037 1164 3086 sensus
1192 3035 1319 3084 verum

221 3133 329 3207 etiam
354 3157 475 3206 nexus
501 3131 763 3206 sententiarum
789 3131 953 3231 expediti
978 3142 1071 3206 sunt.

317 3251 527 3327 Scribebam
551 3253 713 3327 Berolini
738 3253 912 3328 Kalendis
937 3252 1047 3326 Iuliis.
