2752 4844
590 392 633 460 83

60 566 349 655 Cosmographiam
371 588 441 632 esse
462 565 689 650 reducendam,
711 567 773 633 nisi
795 566 837 632 ad
850 567 967 633 Iulium
980 567 1159 636 Honorium

59 669 248 751 Oratorem3
278 660 410 736 Aethici
435 693 511 736 vero
534 693 650 736 nomen
673 670 760 756 quod
781 693 821 735 ex
842 680 910 736 tam
931 695 1048 759 magno
1071 673 1160 739 codi-

59 796 134 838 cum
155 774 444 861 manuscriptorum
464 797 596 840 numero
617 783 684 840 tres
705 783 830 839 tantum
850 775 924 840 libri
938 777 971 841 in
985 777 1089 842 fronte
1103 800 1159 865 ge-

57 885 144 960 runt,
167 886 200 941 et
222 877 309 962 quod
330 901 437 942 errore
456 879 528 943 illos
549 878 746 964 subrepsisse
772 878 1075 963 demonstravimus,
1101 903 1159 945 uu-

59 981 197 1068 perrime
220 981 344 1046 auctori
356 979 630 1069 cosmographiae
651 1006 670 1045 a
685 981 895 1048 D'Avezacio
914 980 1071 1048 vindicari
1088 984 1159 1068 quis

59 1093 108 1149 est
130 1085 207 1169 quin
228 1084 432 1150 vehementer
452 1085 649 1151 admiretur?

147 1186 256 1269 Quare
278 1210 359 1272 quas
379 1188 456 1254 inde
477 1189 518 1254 ab
539 1190 633 1254 initio
656 1188 856 1273 quaestiones
876 1187 969 1254 nobis
991 1190 1159 1276 proposui-

58 1315 144 1357 mus:
174 1291 297 1356 scilicet
321 1300 360 1355 ut
380 1291 442 1355 hac
463 1293 570 1377 priore
593 1292 817 1379 disputationis
838 1300 931 1377 parte
951 1292 1159 1377 inquiramus,

57 1419 134 1460 num
163 1394 205 1459 ad
233 1393 370 1459 eundem
395 1404 559 1460 auctorem
581 1407 718 1480 quatuor
738 1394 785 1460 illi
805 1395 879 1460 libri
898 1394 1075 1461 reducendi
1095 1397 1160 1462 sint

58 1521 139 1583 quos
166 1498 213 1563 ibi
240 1498 509 1580 enumeravimus3
538 1497 614 1563 Iulii
633 1498 771 1564 Honorii
800 1499 868 1564 scil.
892 1496 1159 1587 Cosmographia,

57 1601 167 1668 Orosii
188 1603 362 1688 descriptio
384 1603 481 1686 orbis,
505 1603 709 1678 Itinerarium
731 1603 899 1684 Antonini,
922 1601 1058 1686 denique
1081 1604 1159 1686 „Li-

57 1705 115 1770 ber
136 1704 248 1771 Ethici
269 1706 453 1792 philosophi
474 1707 515 1773 ab
538 1707 737 1793 Hieronymo
758 1708 970 1771 translatus“:
997 1705 1058 1771 hae
1080 1729 1158 1791 quo-

56 1809 154 1874 modo
177 1832 211 1874 se
232 1808 372 1874 habeant
393 1811 458 1874 iam
479 1811 598 1874 nemini
619 1833 684 1874 non
703 1809 797 1894 plane
811 1811 1057 1895 perspiciuntur.
1091 1811 1158 1877 Ita-

56 1934 120 1997 que
141 1912 193 1976 his
213 1934 298 1976 nuno
320 1912 446 1976 omissis
469 1912 509 1976 ad
532 1936 643 1977 verum
659 1912 771 1977 Ethioi
792 1912 934 1976 libellum
957 1914 1158 1996 accedamus,

54 2016 85 2080 si
113 2015 221 2080 forsan
250 2016 318 2080 eius
347 2015 521 2080 conditioni
548 2038 608 2101 pro
641 2014 725 2079 virili
758 2022 868 2079 nostra
902 2023 995 2101 parte
1023 2018 1159 2082 salutem

55 2116 218 2202 quandam
241 2119 367 2183 allaturi
389 2141 507 2184 sumus.

145 2221 211 2288 Sed
234 2232 404 2307 antequam
427 2223 470 2287 ad
491 2244 575 2287 nova
595 2231 795 2287 transeamus
821 2220 884 2285 hoc
911 2221 984 2286 loco
998 2244 1104 2307 pauca
1118 2224 1158 2288 de
1216 2224 1221 2234 “

56 2324 209 2389 subsidiis
236 2325 329 2391 nobis
355 2328 451 2391 liceat
477 2326 615 2390 adiicere
642 2326 757 2409 quibus
787 2322 1063 2411 Cosmographiae
1090 2326 1158 2391 edi·
1267 2343 1270 2349 '

55 2428 120 2492 tori
139 2429 350 2494 insistendum
373 2430 442 2494 erit.
488 2427 563 2511 Qua
584 2430 619 2492 in
640 2452 686 2511 re,
712 2430 740 2493 si
761 2450 838 2492 vera
860 2437 934 2492 sunt
956 2451 1037 2513 quae
1061 2450 1158 2514 supra

56 2532 265 2616 comprobare
292 2533 466 2619 periclitati
500 2555 625 2614 summ,
661 2555 760 2615 quum
789 2529 1064 2617 Cosmographiae
1092 2539 1157 2596 tres

55 2635 194 2698 existant
216 2636 416 2701 recensiones
437 2657 572 2720 quarum
594 2635 680 2698 nulla
703 2635 795 2697 alteri
817 2632 988 2697 conformis
1009 2641 1072 2698 est:
1097 2656 1157 2698 se-

56 2738 197 2821 quitur
218 2748 262 2804 ut
283 2747 414 2804 omnes
436 2739 546 2804 foras
570 2739 818 2804 emittantur.

143 2841 189 2906 Et
202 2842 252 2915 ,ad
274 2843 410 2928 primam
433 2842 561 2926 quidem
588 2840 820 2906 emendandam
842 2862 906 2904 uno
928 2846 1053 2903 tantum
1075 2839 1157 2906 libro

54 2943 103 3007 uti
123 2967 308 3028 possumus:
339 2947 393 3030 qui
415 2968 513 3028 quum
535 2945 629 3010 valde
652 2945 846 3030 depravatus
869 2944 927 3024 sit,
955 2966 1085 3008 necesse
1108 2953 1158 3008 est

53 3055 91 3110 ut
113 3046 279 3110 meliorum
297 3047 455 3111 secundae
470 3047 662 3112 recensionis
678 3046 826 3111 codicum
841 3044 1031 3109 lectionibus
1046 3055 1157 3131 aperta

54 3149 124 3211 eius
146 3148 225 3210 vitia
248 3149 450 3234 castigemus.

142 3249 183 3313 In
205 3250 345 3315 secunda
366 3259 473 3315 autem
496 3251 685 3336 expolienda
706 3250 890 3314 recensione
911 3248 1049 3333 quinque
1071 3252 1157 3335 prio-

54 3356 99 3418 ris
121 3352 241 3418 ordinis
264 3353 430 3419 codicibus
446 3354 647 3440 potissimum
662 3354 815 3419 utendum
831 3352 908 3433 erit3
932 3374 1035 3437 neque
1050 3361 1158 3418 tamen

55 3457 265 3524 Scorialensis
296 3457 416 3522 saeculi
444 3457 538 3523 VIII.
571 3455 820 3522 contemnendus
850 3462 915 3538 est,
955 3456 1073 3542 quippe
1103 3458 1158 3543 qui

55 3559 190 3626 eundem
212 3562 278 3625 sere
301 3584 339 3626 ac
361 3560 519 3647 praedicti
540 3562 661 3627 fontem
676 3559 803 3625 habeat.
841 3557 1049 3643 Requuorunr
1063 3560 1157 3627 huius

55 3661 176 3728 ordinis
199 3664 389 3749 scripturas,
417 3665 475 3731 ubi
503 3664 543 3728 ab
570 3662 739 3749 archetypi
760 3662 951 3728 lectionibus
974 3663 1156 3747 abhorrent,

55 3766 88 3829 in
110 3768 254 3853 margine
276 3768 423 3854 religiose
446 3766 678 3831 adnotabimus

143 3870 192 3934 At
221 3870 247 3934 si
275 3871 403 3934 tertiam
434 3866 708 3955 Oosmographiae
733 3869 950 3941 recensionem
979 3891 1156 3956 expurgare

54 3972 212 4055 volumus,
234 3995 275 4039 ne
297 3972 438 4037 omnium
461 3972 609 4036 codicum
631 3971 784 4036 lectiones
800 3971 1011 4038 recensendae
1025 3971 1155 4036 videan-

54 4083 109 4140 tur
130 4077 253 4163 ingenti
275 4076 390 4142 horum
403 4099 535 4141 numero
552 4075 697 4140 efficitur.
733 4071 842 4156 Quare
864 4099 902 4140 eo
924 4076 1031 4161 potius
1051 4075 1155 4138 niten-

53 4178 132 4244 dum
153 4179 245 4245 nobis
268 4181 329 4247 erit
349 4188 397 4268 ut,
418 4179 615 4268 singulorum
630 4175 779 4245 ordinum
790 4177 946 4244 adhibitis
962 4175 1155 4265 archetypis,

912 4281 957 4348 δι
