2752 4844
742 410 784 478 76

213 585 388 651 existimari
411 592 467 650 aut
489 582 716 668 comprehendi
737 607 797 669 pro
813 582 1074 650 interiacentibus
1088 583 1227 650 heremis
1242 606 1316 671 pos·

213 688 308 754 sint“.
344 684 1122 755 EXPLICIT.COSMOGRAFIA.ATTIOI
1138 688 1231 773 (sici)
1247 687 1315 754 ID.

212 790 300 858 EST
317 841 325 856 .
341 791 413 857 MV
415 791 502 856 NDI
519 840 526 856 .
543 789 839 872 DESCRIPT103
864 830 905 839 —
928 790 981 855 fol.
1007 792 1080 859 109.
1104 813 1208 857 verso.
1248 790 1317 857 Ior-

213 893 304 960 danis
326 894 461 959 historia
483 891 651 960 Getarum.

300 997 372 1063 Fol.
392 1001 420 1065 1.
444 1006 477 1063 et
494 1000 566 1067 135.
592 1021 693 1063 vacua
714 1005 942 1063 remanseumt.
977 996 1146 1063 Librarius
1167 997 1254 1062 hanc
1275 997 1318 1064 ob

213 1123 342 1166 causam
366 1099 474 1168 Orosii
498 1102 745 1188 descriptionem
768 1102 912 1168 omisisse
934 1100 1072 1183 videtur,
1096 1100 1184 1186 quod
1205 1123 1318 1167 eamn

119 1293 121 1299 y
212 1205 353 1271 secundo
377 1207 483 1292 capite
505 1203 631 1289 Orosii‚
661 1206 717 1291 qui
745 1206 778 1270 in
806 1205 868 1271 hoc
891 1204 1003 1271 codice
1026 1202 1318 1293 Cosmographiam

127 1375 138 1398 ,
213 1307 391 1393 antecedit,
419 1310 580 1376 diversam
601 1332 665 1374 non
688 1331 757 1375 esse
778 1309 951 1396 perspexit.
999 1306 1155 1374 Oodicem
1175 1307 1240 1395 ipsi
1262 1331 1317 1374 ex·

213 1433 380 1480 dussimus.

303 1622 376 1691 1.b.
423 1621 515 1690 Ood.
539 1621 724 1710 Lugdun.
747 1623 945 1706 Batavus,
966 1621 1209 1704 Vossianus,
1233 1620 1315 1690 MS.

212 1728 279 1791 lat.
294 1727 336 1792 in
349 1727 468 1812 folio,
492 1715 550 1797 61).
567 1749 650 1794 saec.
667 1724 766 1793 XIII.
782 1726 901 1791 ineunt.
917 1725 1079 1791 mbranac.
1097 1725 1248 1791 foliorum
1262 1725 1315 1794 29.

214 1828 383 1915 Scriptura
405 1831 605 1919 elegansest
627 1837 660 1894 et
682 1838 843 1894 accurata.

301 1934 430 1999 Insunt:
447 1935 502 2000 fol.
522 1930 792 2002 tuluTHlOl
809 1929 1132 2020 Oosmographia
1153 1929 1314 2016 incipit.

214 2036 487 2120 „Lectionum
503 2059 585 2122 quae
600 2043 699 2121 caput
713 2035 799 2101 orbis
815 2044 864 2103 est
879 2084 887 2100 .
904 2043 936 2101 et
952 2034 1082 2100 domina
1097 2039 1258 2101 senatus“.
1275 2073 1315 2084 -

213 2140 267 2206 fol.
285 2142 336 2209 17.
351 2140 420 2206 init.
436 2140 640 2206 Itinerarium
651 2140 787 2205 Antonii
796 2139 939 2227 Augusti
960 2139 1140 2224 provintiae
1150 2139 1295 2206 Africae

301 2243 399 2310 Hunc
413 2244 530 2310 librum
544 2244 608 2329 ipsi
626 2243 838 2308 excussimus:
866 2266 938 2308 eum
950 2242 1124 2330 (signatum
1135 2243 1235 2325 2351,
1247 2243 1314 2326 26.)

213 2345 346 2411 laudant
369 2343 540 2436 „Catalogi
567 2347 721 2413 librorum
742 2345 845 2414 MSS.
868 2347 1008 2434 Angliae
1031 2354 1063 2411 et
1083 2345 1261 2412 Hiberniae
1282 2346 1315 2413 in

213 2473 312 2515 unum
335 2451 481 2516 collecti“
498 2459 559 2517 etc.
590 2448 739 2516 Oxoniae
753 2450 847 2518 1697.
877 2449 931 2514 fol.
960 2459 1038 2515 tom.
1053 2448 1099 2533 Π,
1121 2472 1196 2537 pag.
1212 2451 1314 2518 63.A.

214 2561 248 2618 et
274 2552 544 2621 Montefalconius
579 2554 614 2619 in
647 2553 851 2620 Bibliotheca
883 2553 1158 2621 Bibliothecarum
1187 2561 1265 2619 tom.
1287 2554 1315 2636 Ι,

213 2679 287 2745 pag.
306 2658 430 2727 6761).
455 2659 570 2724 colum.
590 2658 619 2724 1.

300 2867 428 2933 Horum
449 2887 582 2930 numero
602 2865 739 2930 fortasse
762 2863 983 2952 adiungendus
1006 2874 1068 2932 est:

302 2973 333 3038 2.
380 2966 476 3033 Ood.
501 2965 873 3055 Cantabrigiensis‚
903 2969 1070 3058 Trinity
1093 2968 1141 3055 O,
1163 2969 1232 3053 IV,
1255 2971 1313 3039 36.

214 3073 291 3138 olim
313 3069 397 3137 Gale
421 3070 472 3138 64.
502 3071 536 3135 in
557 3071 611 3136 fol.
639 3071 859 3138 mbranaceus
881 3074 998 3140 saecul.
1015 3074 1079 3141 XI.
1101 3082 1227 3140 exeunt.
1250 3096 1317 3140 una

214 3199 311 3241 manu
334 3174 543 3258 conscriptus.

298 3276 430 3343 Insunt:
453 3276 806 3344 Pseudo-Aethici
828 3277 1164 3366 Cosmographia3
1182 3317 1223 3326 -
1244 3280 1316 3345 Ior-

216 3378 317 3463 danis,
340 3379 381 3446 de
403 3382 525 3468 origine
548 3379 745 3465 Gothorum3
770 3422 812 3432 -
834 3383 991 3449 Antonini
1012 3380 1224 3446 Itinerarium.
1262 3390 1266 3395 ’

302 3482 401 3548 Hunc
430 3483 573 3550 codicem
596 3484 637 3552 ob
661 3487 774 3552 seriem
797 3485 1022 3570 opusculorum
1044 3505 1125 3567 quae
1147 3485 1181 3548 in
1203 3507 1242 3550 eo
1264 3509 1315 3554 re-

214 3585 379 3671 periuntur
406 3609 479 3652 cum
506 3588 705 3655 Berolinensi
733 3588 887 3653 affinitate
916 3585 1121 3653 coniunctum
1150 3611 1219 3654 esse
1246 3612 1315 3656 crea

215 3687 329 3756 dimus.
376 3691 433 3756 cfr.
456 3691 552 3758 etiam
574 3693 683 3774 Perta,
704 3689 830 3756 Archiv
852 3697 912 3754 etc.
935 3696 1012 3757 tom.
1028 3690 1107 3775 VII,
1129 3715 1205 3781 pag.
1223 3694 1276 3762 86.

649 3877 687 3929 π
731 3857 810 3950 ur.

300 4003 375 4068 Iulii
403 4002 539 4068 Honorii
562 3999 850 4091 Cosmographiam
878 4027 942 4068 non
963 4003 1141 4070 Aethioo
1172 4005 1315 4089 ascribit,

214 4116 251 4171 ut
274 4105 401 4172 codices
431 4128 511 4190 quos
539 4105 636 4172 modo
665 4100 935 4191 enumeravimus,
963 4107 1021 4174 sed
1048 4108 1314 4196 grammatico

214 4210 442 4276 Prisciano:
