2752 4844
645 407 685 474 12

112 579 210 646 Gust.
232 581 377 667 Parthey
399 589 432 645 et
453 580 587 645 Maurit.
607 580 729 645 Pinder
743 582 808 662 ¹⁰²),
839 579 1008 646 Santarem
1023 580 1089 661 ¹⁰³),
1111 578 1162 643 Bc
1202 617 1219 628 -

111 684 216 771 hardy
229 688 296 770 ¹⁰⁴),
319 681 492 749 Christian.
515 683 669 749 Peterson
683 686 749 767 ¹⁰⁵),
772 683 1078 764 D'Avezacius'⁰⁶).

201 788 348 871 Quorum
376 789 517 852 virorum
547 788 588 853 de
610 788 751 853 Aethico
774 783 1016 874 Cosmographo
1039 786 1217 851 sententias

110 893 176 956 iam
197 892 306 957 oblata
328 890 454 956 duobus
476 892 592 956 abhinc
615 892 705 956 annis
727 893 894 956 occasione
908 890 1016 975 paullo
1031 890 1217 983 accuratius

111 995 332 1081 exposuimus:
356 1018 436 1080 quas
459 1019 499 1060 ex
520 997 647 1082 integro
662 996 724 1059 hoc
738 996 811 1059 loco
825 1017 990 1059 recensere
1004 994 1136 1078 longum
1152 1001 1216 1074 est,

58 1170 62 1177 ,
109 1122 169 1164 nec
190 1100 290 1163 ullum
311 1100 386 1163 inde
408 1099 617 1185 disputationi
638 1107 765 1163 nostrae
786 1099 926 1162 fructum
947 1119 1117 1183 possumus
1138 1120 1215 1181 per-

110 1203 227 1287 cipere.
272 1202 402 1268 Etenim
425 1226 523 1287 quum
546 1203 580 1266 in
600 1202 696 1267 rebus
719 1202 789 1266 aliis
811 1210 880 1267 tum
902 1202 935 1264 in
957 1201 997 1265 iis
1020 1209 1106 1265 certe
1128 1223 1214 1284 quae

108 1305 236 1369 nonnisi
258 1329 376 1393 magno
397 1307 470 1370 nisu
490 1329 592 1390 neque
609 1306 701 1370 facile
718 1304 943 1387 diiudicantur‚
965 1304 1020 1369 nbi
1036 1304 1213 1388 quidquam

107 1410 158 1473 vis
181 1409 346 1494 proficere,
368 1409 508 1474 fontibus
530 1409 609 1494 ipsis
623 1409 683 1474 tibi
704 1408 902 1474 innitendum
925 1409 1000 1488 erit3
1024 1432 1063 1472 ex
1084 1408 1134 1472 his
1149 1409 1212 1496 igi-

109 1520 163 1577 tur
185 1535 267 1596 quae
289 1512 470 1600 colligenda
490 1535 558 1578 esse
572 1512 655 1576 infra
670 1511 967 1596 demonstrabimus,
990 1513 1018 1578 si
1032 1535 1109 1576 vera
1123 1523 1210 1595 sunt,

108 1616 173 1679 iam
195 1615 267 1680 aliis
289 1616 485 1704 argumentis
506 1616 600 1681 nullis
623 1638 703 1701 opus
726 1624 785 1699 est,
807 1625 844 1680 ut
862 1615 1030 1681 doctorum
1045 1614 1211 1680 hominum

108 1717 150 1783 de
177 1718 317 1784 Aethico
346 1720 518 1786 sententias
553 1743 672 1806 magna
704 1743 745 1785 ex
771 1728 864 1806 parte
892 1743 913 1784 a
939 1743 1016 1786 vero
1044 1719 1227 1785 aberrasse

32 1867 41 1884 .
108 1822 321 1888 ostendamus.

563 2039 760 2048 ——-—-—

500 2230 729 2357 CAPVT
756 2240 817 2353 Π.

194 2445 336 2531 aethici,
359 2469 453 2532 quem
474 2447 591 2530 fenmt,
614 2444 902 2535 Cosmographiam
925 2444 1118 2511 adverbum
1140 2447 1209 2512 fere

107 2550 285 2616 consentire
301 2574 373 2617 cum
387 2550 560 2637 Excerptis
574 2550 649 2616 Iulii
663 2551 800 2616 Honorii
815 2548 973 2634 Oratoris,
996 2549 1042 2614 ita
1063 2559 1100 2615 ut
1121 2549 1208 2615 idem

107 2675 187 2736 opus
217 2677 287 2720 esse
315 2654 479 2736 videatur,
508 2677 605 2738 quum
631 2678 672 2720 ne
697 2656 786 2720 illmn
814 2654 940 2742 quidem
963 2655 1066 2740 possit
1086 2655 1207 2742 fugere,

107 2757 162 2840 qui
182 2766 354 2841 utrumque
381 2756 498 2821 librum
526 2758 663 2823 strictim
690 2767 814 2825 tantum
840 2769 936 2844 atque
957 2759 1070 2824 leviter
1092 2759 1207 2846 attige-

105 2859 158 2943 rit,
180 2884 201 2925 a
222 2861 330 2926 multis
352 2859 429 2924 viris
451 2868 484 2924 et
507 2860 699 2929 doctissimis
720 2888 785 2929 non
806 2889 869 2931 uno
890 2866 962 2930 loco
985 2863 1206 2928 confirmatum

177 3091 245 3154 102)
263 3094 376 3142 Itinerar.
391 3091 515 3146 Antonini
533 3097 573 3146 ed.
593 3097 624 3148 G.
641 3099 751 3164 Parthey
773 3108 799 3150 ct
815 3100 852 3148 M.
864 3097 965 3147 Pinder.
995 3092 1107 3145 Beroliui
1126 3089 1201 3140 1818.

105 3174 141 3229 8⁰.
172 3180 282 3229 Praefat.
579 3234 583 3241 ,

177 3263 243 3326 103)
262 3265 335 3314 Essai
358 3282 401 3316 sur
423 3267 545 3321 l’hiatoirc
568 3273 599 3321 de
622 3274 648 3324 la
666 3270 867 3334 Oosmographie
886 3276 912 3317 et
929 3268 961 3314 de
977 3266 1004 3313 la
1020 3263 1202 3324 Cartographie

104 3351 216 3415 pendant
232 3352 256 3401 le
274 3368 435 3418 moyen-age
454 3365 500 3407 etc.
527 3357 622 3408 avon.
650 3359 687 3408 8⁰.
714 3358 786 3408 Paris
805 3349 998 3402 1840-1852.
1022 3348 1184 3397 efnlndices.

177 3433 243 3498 104)
264 3439 397 3490 Gruudriss
420 3443 465 3493 der
482 3446 637 3495 Riimischcn
653 3445 791 3500 Literatur,
814 3439 901 3487 aweite
918 3435 1097 3498 Bearbeitung.
1128 3435 1201 3484 Hnlle

106 3522 182 3574 1850.
213 3520 249 3574 8⁰.
280 3542 337 3591 pag.
352 3527 411 3578 574.
431 3528 491 3581 578.
527 3532 666 3592 Anmerkg.
680 3526 739 3577 523.

176 3610 242 3674 105)
262 3615 328 3671 „Dic
346 3616 549 3680 Kosmographia
567 3617 612 3664 des
630 3614 734 3663 Kaisers
751 3610 882 3673 Angustus
905 3610 957 3658 und
979 3610 1019 3658 die
1037 3609 1201 3657 Kommenta-

105 3698 158 3747 ricu
176 3700 220 3749 des
232 3700 371 3766 Agrippa“.
391 3705 417 3751 in
428 3703 495 3750 Mus.
507 3701 631 3750 Rhenano
649 3706 697 3749 etc.
715 3697 787 3747 Neue
799 3697 885 3760 uolgo,
904 3695 929 3744 8.
941 3695 1084 3758 Jahrgangs
1097 3693 1121 3742 2.
1131 3694 1201 3756 Heu,

104 3800 161 3848 pag.
176 3785 331 3838 161-210.
351 3797 376 3836 ot
395 3785 419 3835 3.
432 3786 502 3845 Hest,
520 3800 577 3848 pag.
591 3782 748 3834 377-408.
778 3783 880 3834 Franks.
893 3799 915 3831 a.
925 3783 961 3831 M.
982 3780 1058 3831 1852.
1089 3780 1125 3830 8⁰.

175 3871 241 3934 106)
262 3874 401 3933 „Memoirc
420 3887 463 3920 sur
480 3857 586 3920 Echinus
606 3879 631 3920 et
648 3887 691 3921 sur
707 3873 745 3921 les
764 3885 885 3934 ouvrages
899 3869 1146 3932 Cosmographiques
1164 3869 1201 3915 in-

104 3957 185 4008 titules
205 3961 236 4008 de
254 3973 283 4008 co
301 3972 370 4017 nom,
387 3971 434 4019 par
451 3957 487 4004 M.
506 3956 656 4006 d’Avczac“.
674 3959 713 4008 in:
737 3958 872 4007 Memoirea
891 3957 923 4005 do
940 3955 1078 4004 l'Academ.
1098 3954 1143 4002 des
1159 3954 1201 4002 In-

104 4046 187 4108 script.
201 4052 248 4093 etc.
271 4057 350 4105 prem.
364 4041 442 4102 Strie,
461 4050 521 4093 tom.
534 4044 567 4093 11.
590 4045 661 4093 Paris
675 4043 751 4094 1852.
770 4036 806 4093 4⁰.
830 4060 856 4107 p.
866 4041 1024 4093 230-551.
1047 4040 1092 4090 ct'r.
1112 4041 1199 4089 etiam:

103 4132 158 4181 The
176 4131 291 4192 Litcrm'y
309 4129 414 4179 Gazette
435 4129 485 4177 and
502 4129 610 4179 Journal
633 4132 663 4180 of
677 4132 762 4181 Bolles
780 4131 893 4191 Lettres‚
915 4129 989 4189 Arta,
1011 4127 1130 4178 Sciences
1152 4134 1200 4175 otc.

105 4214 181 4265 1811.
200 4211 238 4264 4⁰.
267 4217 385 4278 London,
403 4215 536 4280 Saturday,
554 4216 675 4268 Novemb.
688 4217 731 4268 20.
762 4233 819 4281 pag
834 4215 894 4265 753.
914 4211 973 4263 754.
