<?xml version="1.0" encoding="UTF-8"?>
<!DOCTYPE html PUBLIC "-//W3C//DTD XHTML 1.0 Transitional//EN"
    "http://www.w3.org/TR/xhtml1/DTD/xhtml1-transitional.dtd">
<html xmlns="http://www.w3.org/1999/xhtml" xml:lang="en" lang="en">
 <head>
  <title>
</title>
<meta http-equiv="Content-Type" content="text/html;charset=utf-8" />
  <meta name='ocr-system' content='tesseract 3.04.00' />
  <meta name='ocr-capabilities' content='ocr_page ocr_carea ocr_par ocr_line ocrx_word'/>
</head>
<body>
  <div class='ocr_page' id='page_1' title='image "./decosmographiae00pertgoog_0185.png"; bbox 0 0 2752 4844; ppageno 0'>
   <div class='ocr_carea' id='block_1_1' title="bbox 720 387 787 460">
    <p class='ocr_par' dir='ltr' id='par_1_1' title="bbox 720 387 787 460">
     <span class='ocr_line' id='line_1_1' title="bbox 720 387 787 460; baseline -0.03 0"><span class='ocrx_word' id='word_1_1' title='bbox 720 387 787 460; x_wconf 68' lang='lat' dir='ltr'>18AE</span> 
     </span>
    </p>
   </div>
   <div class='ocr_carea' id='block_1_2' title="bbox 205 563 1308 840">
    <p class='ocr_par' dir='ltr' id='par_1_2' title="bbox 205 563 1308 840">
     <span class='ocr_line' id='line_1_2' title="bbox 205 563 1308 655; baseline 0.001 -24"><span class='ocrx_word' id='word_1_2' title='bbox 205 590 357 654; x_wconf 88' lang='lat' dir='ltr'>ronymus</span> <span class='ocrx_word' id='word_1_3' title='bbox 385 568 540 654; x_wconf 82' lang='lat' dir='ltr'>probatur</span> <span class='ocrx_word' id='word_1_4' title='bbox 568 564 857 655; x_wconf 85' lang='lat' dir='ltr'>Oosmographiam</span> <span class='ocrx_word' id='word_1_5' title='bbox 886 563 1097 646; x_wconf 83' lang='lat' dir='ltr'>convertisse3</span> <span class='ocrx_word' id='word_1_6' title='bbox 1133 587 1232 651; x_wconf 85' lang='lat' dir='ltr'>quare</span> <span class='ocrx_word' id='word_1_7' title='bbox 1262 589 1308 632; x_wconf 89' lang='lat' dir='ltr'>se-</span> 
     </span>
     <span class='ocr_line' id='line_1_3' title="bbox 207 668 1308 757; baseline 0.001 -22"><span class='ocrx_word' id='word_1_8' title='bbox 207 671 315 756; x_wconf 82' lang='lat' dir='ltr'>quenti</span> <span class='ocrx_word' id='word_1_9' title='bbox 344 673 450 757; x_wconf 85' lang='lat' dir='ltr'>capite</span> <span class='ocrx_word' id='word_1_10' title='bbox 483 670 525 736; x_wconf 92' lang='lat' dir='ltr'>de</span> <span class='ocrx_word' id='word_1_11' title='bbox 553 669 721 757; x_wconf 83' lang='lat' dir='ltr'>Origine</span> <span class='ocrx_word' id='word_1_12' title='bbox 750 670 996 735; x_wconf 78' lang='lat' dir='ltr'><strong>Francorum</strong></span> <span class='ocrx_word' id='word_1_13' title='bbox 1030 668 1124 735; x_wconf 89' lang='lat' dir='ltr'>nobis</span> <span class='ocrx_word' id='word_1_14' title='bbox 1154 668 1308 736; x_wconf 85' lang='lat' dir='ltr'>disseren-</span> 
     </span>
     <span class='ocr_line' id='line_1_4' title="bbox 207 774 375 840; baseline -0.006 -1"><span class='ocrx_word' id='word_1_15' title='bbox 207 774 284 839; x_wconf 92' lang='lat' dir='ltr'>dum</span> <span class='ocrx_word' id='word_1_16' title='bbox 306 776 375 840; x_wconf 87' lang='lat' dir='ltr'>erit.</span> 
     </span>
    </p>
   </div>
   <div class='ocr_carea' id='block_1_3' title="bbox 657 944 843 951">
    <p class='ocr_par' dir='ltr' id='par_1_3' title="bbox 657 944 843 951">
     <span class='ocr_line' id='line_1_5' title="bbox 657 944 843 951; baseline -0.005 0"><span class='ocrx_word' id='word_1_17' title='bbox 657 944 771 951; x_wconf 73' lang='lat'>——--..</span> <span class='ocrx_word' id='word_1_18' title='bbox 779 946 843 950; x_wconf 84' lang='grc'><em>...-.</em></span> 
     </span>
    </p>
   </div>
   <div class='ocr_carea' id='block_1_4' title="bbox 481 1024 930 1226">
    <p class='ocr_par' dir='ltr' id='par_1_4' title="bbox 481 1024 930 1226">
     <span class='ocr_line' id='line_1_6' title="bbox 481 1024 930 1226; baseline -0.004 -4"><span class='ocrx_word' id='word_1_19' title='bbox 481 1024 485 1030; x_wconf 45' lang='grc'><strong>’</strong></span> <span class='ocrx_word' id='word_1_20' title='bbox 589 1107 810 1226; x_wconf 69' lang='lat' dir='ltr'>cucur</span> <span class='ocrx_word' id='word_1_21' title='bbox 846 1109 930 1221; x_wconf 81' lang='lat'><em>111.</em></span> 
     </span>
    </p>
   </div>
   <div class='ocr_carea' id='block_1_5' title="bbox 350 1283 1164 1541">
    <p class='ocr_par' dir='ltr' id='par_1_5' title="bbox 350 1283 1164 1541">
     <span class='ocr_line' id='line_1_7' title="bbox 350 1283 1164 1357; baseline -0.002 -4"><span class='ocrx_word' id='word_1_22' title='bbox 350 1288 415 1353; x_wconf 83' lang='lat' dir='ltr'>cs</span> <span class='ocrx_word' id='word_1_23' title='bbox 438 1287 635 1356; x_wconf 80' lang='lat' dir='ltr'>omoms</span> <span class='ocrx_word' id='word_1_24' title='bbox 659 1287 832 1357; x_wconf 79' lang='lat' dir='ltr'>ouums</span> <span class='ocrx_word' id='word_1_25' title='bbox 856 1283 1164 1354; x_wconf 77' lang='lat' dir='ltr'>rnnuooavm.</span> 
     </span>
     <span class='ocr_line' id='line_1_8' title="bbox 716 1457 800 1541; baseline -0.024 -18"><span class='ocrx_word' id='word_1_26' title='bbox 716 1458 746 1541; x_wconf 74' lang='lat'>§-</span> <span class='ocrx_word' id='word_1_27' title='bbox 772 1457 800 1523; x_wconf 87' lang='lat'>1.</span> 
     </span>
    </p>
   </div>
   <div class='ocr_carea' id='block_1_6' title="bbox 242 1598 1276 1738">
    <p class='ocr_par' dir='ltr' id='par_1_6' title="bbox 242 1598 1276 1738">
     <span class='ocr_line' id='line_1_9' title="bbox 242 1598 1276 1653; baseline 0.003 -5"><span class='ocrx_word' id='word_1_28' title='bbox 242 1599 416 1652; x_wconf 83' lang='lat' dir='ltr'>NATIONES</span> <span class='ocrx_word' id='word_1_29' title='bbox 444 1601 712 1653; x_wconf 82' lang='lat' dir='ltr'>OCOIDENTALES</span> <span class='ocrx_word' id='word_1_30' title='bbox 738 1602 786 1651; x_wconf 84' lang='lat' dir='ltr'>AB</span> <span class='ocrx_word' id='word_1_31' title='bbox 813 1600 981 1650; x_wconf 82' lang='lat' dir='ltr'>INCENDIO</span> <span class='ocrx_word' id='word_1_32' title='bbox 1010 1598 1140 1650; x_wconf 83' lang='lat' dir='ltr'><strong>TROIAE</strong></span> <span class='ocrx_word' id='word_1_33' title='bbox 1167 1600 1276 1651; x_wconf 86' lang='lat' dir='ltr'>INITIA</span> 
     </span>
     <span class='ocr_line' id='line_1_10' title="bbox 665 1688 852 1738; baseline -0.011 0"><span class='ocrx_word' id='word_1_34' title='bbox 665 1688 852 1738; x_wconf 83' lang='lat' dir='ltr'>REPETERE.</span> 
     </span>
    </p>
   </div>
   <div class='ocr_carea' id='block_1_7' title="bbox 209 1801 1311 2409">
    <p class='ocr_par' dir='ltr' id='par_1_7' title="bbox 209 1801 1311 2409">
     <span class='ocr_line' id='line_1_11' title="bbox 297 1801 1309 1892; baseline 0 -24"><span class='ocrx_word' id='word_1_35' title='bbox 297 1801 464 1892; x_wconf 77' lang='lat' dir='ltr'>Originem</span> <span class='ocrx_word' id='word_1_36' title='bbox 486 1814 519 1869; x_wconf 89' lang='lat' dir='ltr'>et</span> <span class='ocrx_word' id='word_1_37' title='bbox 540 1805 732 1871; x_wconf 87' lang='lat' dir='ltr'>incunabula</span> <span class='ocrx_word' id='word_1_38' title='bbox 754 1805 897 1892; x_wconf 84' lang='lat' dir='ltr'>gentium</span> <span class='ocrx_word' id='word_1_39' title='bbox 916 1802 1009 1869; x_wconf 91' lang='lat' dir='ltr'>nobis</span> <span class='ocrx_word' id='word_1_40' title='bbox 1026 1803 1309 1888; x_wconf 85' lang='lat' dir='ltr'>perscrutantibus,</span> 
     </span>
     <span class='ocr_line' id='line_1_12' title="bbox 210 1906 1310 1995; baseline 0.001 -25"><span class='ocrx_word' id='word_1_41' title='bbox 210 1928 306 1989; x_wconf 90' lang='lat' dir='ltr'>quum</span> <span class='ocrx_word' id='word_1_42' title='bbox 330 1930 440 1972; x_wconf 88' lang='lat' dir='ltr'>eorum</span> <span class='ocrx_word' id='word_1_43' title='bbox 461 1917 641 1995; x_wconf 83' lang='lat' dir='ltr'>temporum</span> <span class='ocrx_word' id='word_1_44' title='bbox 664 1917 753 1973; x_wconf 90' lang='lat' dir='ltr'>certa</span> <span class='ocrx_word' id='word_1_45' title='bbox 774 1907 933 1993; x_wconf 80' lang='lat' dir='ltr'>quaedam</span> <span class='ocrx_word' id='word_1_46' title='bbox 949 1915 982 1972; x_wconf 93' lang='lat' dir='ltr'>et</span> <span class='ocrx_word' id='word_1_47' title='bbox 998 1928 1079 1991; x_wconf 86' lang='lat' dir='ltr'>quae</span> <span class='ocrx_word' id='word_1_48' title='bbox 1092 1906 1210 1973; x_wconf 89' lang='lat' dir='ltr'>litteris</span> <span class='ocrx_word' id='word_1_49' title='bbox 1223 1930 1310 1973; x_wconf 87' lang='lat' dir='ltr'>man-</span> 
     </span>
     <span class='ocr_line' id='line_1_13' title="bbox 210 2008 1311 2098; baseline 0.003 -25"><span class='ocrx_word' id='word_1_50' title='bbox 210 2008 287 2074; x_wconf 87' lang='lat' dir='ltr'>data</span> <span class='ocrx_word' id='word_1_51' title='bbox 309 2011 352 2074; x_wconf 88' lang='lat' dir='ltr'>sit</span> <span class='ocrx_word' id='word_1_52' title='bbox 373 2010 507 2077; x_wconf 85' lang='lat' dir='ltr'>historia</span> <span class='ocrx_word' id='word_1_53' title='bbox 520 2035 583 2078; x_wconf 90' lang='lat' dir='ltr'>non</span> <span class='ocrx_word' id='word_1_54' title='bbox 599 2011 793 2098; x_wconf 75' lang='lat' dir='ltr'>suppeditet,</span> <span class='ocrx_word' id='word_1_55' title='bbox 816 2014 881 2077; x_wconf 88' lang='lat' dir='ltr'>iam</span> <span class='ocrx_word' id='word_1_56' title='bbox 895 2034 960 2076; x_wconf 90' lang='lat' dir='ltr'>una</span> <span class='ocrx_word' id='word_1_57' title='bbox 974 2010 1130 2098; x_wconf 82' lang='lat' dir='ltr'>magistra</span> <span class='ocrx_word' id='word_1_58' title='bbox 1144 2009 1249 2075; x_wconf 78' lang='lat' dir='ltr'>Fama</span> <span class='ocrx_word' id='word_1_59' title='bbox 1263 2033 1311 2076; x_wconf 87' lang='lat' dir='ltr'>re-</span> 
     </span>
     <span class='ocr_line' id='line_1_14' title="bbox 209 2113 1311 2200; baseline 0.002 -23"><span class='ocrx_word' id='word_1_60' title='bbox 209 2113 371 2197; x_wconf 82' lang='lat' dir='ltr'>linquitur.</span> <span class='ocrx_word' id='word_1_61' title='bbox 417 2115 514 2181; x_wconf 82' lang='lat' dir='ltr'>Licet</span> <span class='ocrx_word' id='word_1_62' title='bbox 536 2116 620 2182; x_wconf 89' lang='lat' dir='ltr'>enim</span> <span class='ocrx_word' id='word_1_63' title='bbox 642 2116 675 2179; x_wconf 90' lang='lat' dir='ltr'>in</span> <span class='ocrx_word' id='word_1_64' title='bbox 696 2115 813 2181; x_wconf 87' lang='lat' dir='ltr'>fabulis</span> <span class='ocrx_word' id='word_1_65' title='bbox 835 2114 876 2180; x_wconf 91' lang='lat' dir='ltr'>de</span> <span class='ocrx_word' id='word_1_66' title='bbox 897 2113 997 2180; x_wconf 86' lang='lat' dir='ltr'>initiis</span> <span class='ocrx_word' id='word_1_67' title='bbox 1019 2114 1223 2200; x_wconf 85' lang='lat' dir='ltr'>populorum,</span> <span class='ocrx_word' id='word_1_68' title='bbox 1251 2114 1311 2179; x_wconf 91' lang='lat' dir='ltr'>sci·</span> 
     </span>
     <span class='ocr_line' id='line_1_15' title="bbox 210 2215 1310 2306; baseline 0.004 -28"><span class='ocrx_word' id='word_1_69' title='bbox 210 2215 286 2280; x_wconf 87' lang='lat' dir='ltr'>licet</span> <span class='ocrx_word' id='word_1_70' title='bbox 307 2240 388 2300; x_wconf 87' lang='lat' dir='ltr'>quae</span> <span class='ocrx_word' id='word_1_71' title='bbox 410 2242 466 2284; x_wconf 90' lang='lat' dir='ltr'>ore</span> <span class='ocrx_word' id='word_1_72' title='bbox 486 2226 686 2306; x_wconf 80' lang='lat' dir='ltr'>propagatae</span> <span class='ocrx_word' id='word_1_73' title='bbox 714 2226 804 2300; x_wconf 89' lang='lat' dir='ltr'>sunt,</span> <span class='ocrx_word' id='word_1_74' title='bbox 833 2219 959 2305; x_wconf 85' lang='lat' dir='ltr'>singula</span> <span class='ocrx_word' id='word_1_75' title='bbox 980 2218 1047 2283; x_wconf 87' lang='lat' dir='ltr'>fere</span> <span class='ocrx_word' id='word_1_76' title='bbox 1070 2218 1177 2283; x_wconf 89' lang='lat' dir='ltr'>omnia</span> <span class='ocrx_word' id='word_1_77' title='bbox 1197 2218 1310 2282; x_wconf 90' lang='lat' dir='ltr'>immu-</span> 
     </span>
     <span class='ocr_line' id='line_1_16' title="bbox 209 2318 1311 2409; baseline 0.005 -28"><span class='ocrx_word' id='word_1_78' title='bbox 209 2326 279 2382; x_wconf 87' lang='lat' dir='ltr'>tata</span> <span class='ocrx_word' id='word_1_79' title='bbox 293 2318 472 2404; x_wconf 83' lang='lat' dir='ltr'>videantur,</span> <span class='ocrx_word' id='word_1_80' title='bbox 493 2324 591 2386; x_wconf 88' lang='lat' dir='ltr'>itaut</span> <span class='ocrx_word' id='word_1_81' title='bbox 607 2320 724 2386; x_wconf 82' lang='lat' dir='ltr'>afiotis</span> <span class='ocrx_word' id='word_1_82' title='bbox 738 2344 814 2386; x_wconf 89' lang='lat' dir='ltr'>vera</span> <span class='ocrx_word' id='word_1_83' title='bbox 829 2322 884 2386; x_wconf 83' lang='lat' dir='ltr'>vix</span> <span class='ocrx_word' id='word_1_84' title='bbox 899 2322 1023 2409; x_wconf 83' lang='lat' dir='ltr'>seiungi</span> <span class='ocrx_word' id='word_1_85' title='bbox 1041 2321 1181 2408; x_wconf 85' lang='lat' dir='ltr'>possint:</span> <span class='ocrx_word' id='word_1_86' title='bbox 1205 2329 1311 2399; x_wconf 86' lang='lat' dir='ltr'>tamen</span> 
     </span>
    </p>
   </div>
   <div class='ocr_carea' id='block_1_8' title="bbox 209 2422 1314 4269">
    <p class='ocr_par' dir='ltr' id='par_1_8' title="bbox 210 2422 1311 2616">
     <span class='ocr_line' id='line_1_17' title="bbox 210 2422 1311 2512; baseline 0.002 -26"><span class='ocrx_word' id='word_1_87' title='bbox 210 2422 343 2509; x_wconf 81' lang='lat' dir='ltr'>originis</span> <span class='ocrx_word' id='word_1_88' title='bbox 365 2425 542 2490; x_wconf 90' lang='lat' dir='ltr'>communis</span> <span class='ocrx_word' id='word_1_89' title='bbox 563 2425 759 2490; x_wconf 89' lang='lat' dir='ltr'>conscientia</span> <span class='ocrx_word' id='word_1_90' title='bbox 773 2432 870 2508; x_wconf 89' lang='lat' dir='ltr'>atque</span> <span class='ocrx_word' id='word_1_91' title='bbox 885 2447 995 2492; x_wconf 90' lang='lat' dir='ltr'>sensus</span> <span class='ocrx_word' id='word_1_92' title='bbox 1010 2426 1146 2512; x_wconf 91' lang='lat' dir='ltr'>populos</span> <span class='ocrx_word' id='word_1_93' title='bbox 1160 2425 1311 2511; x_wconf 86' lang='lat' dir='ltr'>pervasit,</span> 
     </span>
     <span class='ocr_line' id='line_1_18' title="bbox 211 2527 1291 2616; baseline 0.001 -25"><span class='ocrx_word' id='word_1_94' title='bbox 211 2549 305 2609; x_wconf 90' lang='lat' dir='ltr'>quem</span> <span class='ocrx_word' id='word_1_95' title='bbox 324 2527 441 2594; x_wconf 88' lang='lat' dir='ltr'>fabulis</span> <span class='ocrx_word' id='word_1_96' title='bbox 463 2533 648 2614; x_wconf 74' lang='lat' dir='ltr'>expressum</span> <span class='ocrx_word' id='word_1_97' title='bbox 671 2529 767 2593; x_wconf 85' lang='lat' dir='ltr'>etiam</span> <span class='ocrx_word' id='word_1_98' title='bbox 790 2551 874 2594; x_wconf 89' lang='lat' dir='ltr'>nunc</span> <span class='ocrx_word' id='word_1_99' title='bbox 896 2529 1089 2616; x_wconf 79' lang='lat' dir='ltr'>investigere</span> <span class='ocrx_word' id='word_1_100' title='bbox 1110 2532 1291 2615; x_wconf 86' lang='lat' dir='ltr'>possumus.</span> 
     </span>
    </p>

    <p class='ocr_par' dir='ltr' id='par_1_9' title="bbox 209 2630 1313 3855">
     <span class='ocr_line' id='line_1_19' title="bbox 299 2630 1311 2713; baseline -0.002 -15"><span class='ocrx_word' id='word_1_101' title='bbox 299 2630 384 2698; x_wconf 88' lang='lat' dir='ltr'>Sunt</span> <span class='ocrx_word' id='word_1_102' title='bbox 412 2639 518 2697; x_wconf 87' lang='lat' dir='ltr'>autem</span> <span class='ocrx_word' id='word_1_103' title='bbox 547 2632 660 2697; x_wconf 90' lang='lat' dir='ltr'>harum</span> <span class='ocrx_word' id='word_1_104' title='bbox 688 2632 906 2698; x_wconf 89' lang='lat' dir='ltr'>narrationum</span> <span class='ocrx_word' id='word_1_105' title='bbox 930 2632 1034 2697; x_wconf 89' lang='lat' dir='ltr'>forma</span> <span class='ocrx_word' id='word_1_106' title='bbox 1055 2640 1088 2697; x_wconf 91' lang='lat' dir='ltr'>et</span> <span class='ocrx_word' id='word_1_107' title='bbox 1109 2640 1225 2697; x_wconf 81' lang='lat' dir='ltr'>natura</span> <span class='ocrx_word' id='word_1_108' title='bbox 1246 2653 1311 2713; x_wconf 86' lang='lat' dir='ltr'>eae,</span> 
     </span>
     <span class='ocr_line' id='line_1_20' title="bbox 209 2734 1312 2821; baseline 0.001 -23"><span class='ocrx_word' id='word_1_109' title='bbox 209 2743 289 2798; x_wconf 85' lang='lat' dir='ltr'>uta</span> <span class='ocrx_word' id='word_1_110' title='bbox 309 2758 427 2821; x_wconf 81' lang='lat' dir='ltr'>magno</span> <span class='ocrx_word' id='word_1_111' title='bbox 449 2735 556 2819; x_wconf 85' lang='lat' dir='ltr'>aliquo</span> <span class='ocrx_word' id='word_1_112' title='bbox 579 2742 612 2800; x_wconf 90' lang='lat' dir='ltr'>et</span> <span class='ocrx_word' id='word_1_113' title='bbox 635 2735 721 2800; x_wconf 87' lang='lat' dir='ltr'>claro</span> <span class='ocrx_word' id='word_1_114' title='bbox 744 2757 821 2801; x_wconf 88' lang='lat' dir='ltr'>casu</span> <span class='ocrx_word' id='word_1_115' title='bbox 843 2734 1047 2819; x_wconf 81' lang='lat' dir='ltr'>inchoantes,</span> <span class='ocrx_word' id='word_1_116' title='bbox 1074 2735 1115 2800; x_wconf 86' lang='lat' dir='ltr'>ab</span> <span class='ocrx_word' id='word_1_117' title='bbox 1138 2735 1201 2799; x_wconf 91' lang='lat' dir='ltr'>boc</span> <span class='ocrx_word' id='word_1_118' title='bbox 1222 2735 1312 2799; x_wconf 86' lang='lat' dir='ltr'>initia</span> 
     </span>
     <span class='ocr_line' id='line_1_21' title="bbox 210 2836 1311 2925; baseline 0.001 -24"><span class='ocrx_word' id='word_1_119' title='bbox 210 2845 337 2923; x_wconf 86' lang='lat' dir='ltr'>gentem</span> <span class='ocrx_word' id='word_1_120' title='bbox 361 2837 531 2903; x_wconf 87' lang='lat' dir='ltr'>deduxisse</span> <span class='ocrx_word' id='word_1_121' title='bbox 552 2837 693 2902; x_wconf 88' lang='lat' dir='ltr'>tradant.</span> <span class='ocrx_word' id='word_1_122' title='bbox 739 2836 815 2920; x_wconf 77' lang='lat' dir='ltr'>Qua</span> <span class='ocrx_word' id='word_1_123' title='bbox 835 2839 869 2903; x_wconf 89' lang='lat' dir='ltr'>iu</span> <span class='ocrx_word' id='word_1_124' title='bbox 890 2863 925 2904; x_wconf 90' lang='lat' dir='ltr'>re</span> <span class='ocrx_word' id='word_1_125' title='bbox 948 2861 1074 2925; x_wconf 87' lang='lat' dir='ltr'>semper</span> <span class='ocrx_word' id='word_1_126' title='bbox 1094 2839 1161 2904; x_wconf 87' lang='lat' dir='ltr'>fere</span> <span class='ocrx_word' id='word_1_127' title='bbox 1183 2836 1311 2919; x_wconf 84' lang='lat' dir='ltr'>accidit,</span> 
     </span>
     <span class='ocr_line' id='line_1_22' title="bbox 209 2941 1312 3026; baseline 0.003 -23"><span class='ocrx_word' id='word_1_128' title='bbox 209 2948 247 3003; x_wconf 86' lang='lat' dir='ltr'>ut</span> <span class='ocrx_word' id='word_1_129' title='bbox 268 2941 413 3006; x_wconf 88' lang='lat' dir='ltr'>nationes</span> <span class='ocrx_word' id='word_1_130' title='bbox 428 2963 511 3026; x_wconf 87' lang='lat' dir='ltr'>quae</span> <span class='ocrx_word' id='word_1_131' title='bbox 534 2941 687 3006; x_wconf 83' lang='lat' dir='ltr'>affinitate</span> <span class='ocrx_word' id='word_1_132' title='bbox 711 2942 849 3026; x_wconf 88' lang='lat' dir='ltr'>quadam</span> <span class='ocrx_word' id='word_1_133' title='bbox 873 2944 1060 3009; x_wconf 86' lang='lat' dir='ltr'>coniunctas</span> <span class='ocrx_word' id='word_1_134' title='bbox 1083 2964 1152 3008; x_wconf 90' lang='lat' dir='ltr'>esse</span> <span class='ocrx_word' id='word_1_135' title='bbox 1173 2963 1244 3008; x_wconf 88' lang='lat' dir='ltr'>sese</span> <span class='ocrx_word' id='word_1_136' title='bbox 1265 2942 1312 3005; x_wconf 91' lang='lat' dir='ltr'>in·</span> 
     </span>
     <span class='ocr_line' id='line_1_23' title="bbox 209 3043 1312 3132; baseline 0.003 -26"><span class='ocrx_word' id='word_1_137' title='bbox 209 3043 405 3130; x_wconf 82' lang='lat' dir='ltr'>telligerent,</span> <span class='ocrx_word' id='word_1_138' title='bbox 430 3069 470 3111; x_wconf 84' lang='lat' dir='ltr'>ex</span> <span class='ocrx_word' id='word_1_139' title='bbox 490 3045 605 3111; x_wconf 86' lang='lat' dir='ltr'>iisdem</span> <span class='ocrx_word' id='word_1_140' title='bbox 627 3045 757 3112; x_wconf 88' lang='lat' dir='ltr'>sedibus</span> <span class='ocrx_word' id='word_1_141' title='bbox 779 3045 891 3111; x_wconf 91' lang='lat' dir='ltr'>eodem</span> <span class='ocrx_word' id='word_1_142' title='bbox 913 3055 1059 3132; x_wconf 90' lang='lat' dir='ltr'>tempore</span> <span class='ocrx_word' id='word_1_143' title='bbox 1080 3045 1218 3111; x_wconf 88' lang='lat' dir='ltr'>maiores</span> <span class='ocrx_word' id='word_1_144' title='bbox 1239 3065 1312 3110; x_wconf 90' lang='lat' dir='ltr'>suos</span> 
     </span>
     <span class='ocr_line' id='line_1_24' title="bbox 209 3147 1312 3232; baseline 0.004 -23"><span class='ocrx_word' id='word_1_145' title='bbox 209 3149 403 3232; x_wconf 82' lang='lat' dir='ltr'>processisse</span> <span class='ocrx_word' id='word_1_146' title='bbox 431 3148 607 3213; x_wconf 76' lang='lat' dir='ltr'>crederent.</span> <span class='ocrx_word' id='word_1_147' title='bbox 653 3148 703 3217; x_wconf 93' lang='lat' dir='ltr'>Ut</span> <span class='ocrx_word' id='word_1_148' title='bbox 732 3150 815 3214; x_wconf 90' lang='lat' dir='ltr'>enim</span> <span class='ocrx_word' id='word_1_149' title='bbox 837 3149 974 3216; x_wconf 87' lang='lat' dir='ltr'>flammis</span> <span class='ocrx_word' id='word_1_150' title='bbox 996 3173 1014 3215; x_wconf 91' lang='lat' dir='ltr'>e</span> <span class='ocrx_word' id='word_1_151' title='bbox 1036 3149 1157 3214; x_wconf 85' lang='lat' dir='ltr'>vertice</span> <span class='ocrx_word' id='word_1_152' title='bbox 1178 3147 1312 3215; x_wconf 88' lang='lat' dir='ltr'>Vesuvii</span> 
     </span>
     <span class='ocr_line' id='line_1_25' title="bbox 210 3250 1312 3338; baseline 0.002 -24"><span class='ocrx_word' id='word_1_153' title='bbox 210 3250 328 3316; x_wconf 90' lang='lat' dir='ltr'>montis</span> <span class='ocrx_word' id='word_1_154' title='bbox 350 3252 606 3336; x_wconf 83' lang='lat' dir='ltr'>erumpentibus,</span> <span class='ocrx_word' id='word_1_155' title='bbox 636 3253 691 3337; x_wconf 90' lang='lat' dir='ltr'>qui</span> <span class='ocrx_word' id='word_1_156' title='bbox 718 3260 813 3317; x_wconf 86' lang='lat' dir='ltr'>antea</span> <span class='ocrx_word' id='word_1_157' title='bbox 833 3252 955 3318; x_wconf 85' lang='lat' dir='ltr'>latebat</span> <span class='ocrx_word' id='word_1_158' title='bbox 976 3260 1101 3319; x_wconf 89' lang='lat' dir='ltr'>torrens</span> <span class='ocrx_word' id='word_1_159' title='bbox 1122 3252 1236 3338; x_wconf 82' lang='lat' dir='ltr'>igneus</span> <span class='ocrx_word' id='word_1_160' title='bbox 1260 3250 1312 3316; x_wconf 90' lang='lat' dir='ltr'>de·</span> 
     </span>
     <span class='ocr_line' id='line_1_26' title="bbox 210 3352 1312 3444; baseline 0.005 -29"><span class='ocrx_word' id='word_1_161' title='bbox 210 3352 366 3436; x_wconf 82' lang='lat' dir='ltr'>volvitur,</span> <span class='ocrx_word' id='word_1_162' title='bbox 389 3355 476 3419; x_wconf 89' lang='lat' dir='ltr'>etin</span> <span class='ocrx_word' id='word_1_163' title='bbox 498 3357 615 3422; x_wconf 90' lang='lat' dir='ltr'>multos</span> <span class='ocrx_word' id='word_1_164' title='bbox 638 3356 758 3420; x_wconf 89' lang='lat' dir='ltr'>rivulos</span> <span class='ocrx_word' id='word_1_165' title='bbox 780 3355 902 3421; x_wconf 88' lang='lat' dir='ltr'>solutus</span> <span class='ocrx_word' id='word_1_166' title='bbox 925 3379 1020 3444; x_wconf 83' lang='lat' dir='ltr'>agros</span> <span class='ocrx_word' id='word_1_167' title='bbox 1042 3357 1160 3422; x_wconf 83' lang='lat' dir='ltr'>sulcat:</span> <span class='ocrx_word' id='word_1_168' title='bbox 1187 3355 1236 3421; x_wconf 90' lang='lat' dir='ltr'>sic</span> <span class='ocrx_word' id='word_1_169' title='bbox 1260 3363 1312 3420; x_wconf 89' lang='lat' dir='ltr'>aut</span> 
     </span>
     <span class='ocr_line' id='line_1_27' title="bbox 210 3456 1312 3541; baseline 0.005 -23"><span class='ocrx_word' id='word_1_170' title='bbox 210 3478 327 3541; x_wconf 85' lang='lat' dir='ltr'>magna</span> <span class='ocrx_word' id='word_1_171' title='bbox 347 3456 427 3522; x_wconf 92' lang='lat' dir='ltr'>urbe</span> <span class='ocrx_word' id='word_1_172' title='bbox 449 3458 489 3523; x_wconf 87' lang='lat' dir='ltr'>ab</span> <span class='ocrx_word' id='word_1_173' title='bbox 512 3458 659 3526; x_wconf 87' lang='lat' dir='ltr'>hostibus</span> <span class='ocrx_word' id='word_1_174' title='bbox 681 3458 829 3524; x_wconf 89' lang='lat' dir='ltr'>incendio</span> <span class='ocrx_word' id='word_1_175' title='bbox 851 3458 995 3523; x_wconf 87' lang='lat' dir='ltr'>funditus</span> <span class='ocrx_word' id='word_1_176' title='bbox 1022 3459 1143 3541; x_wconf 85' lang='lat' dir='ltr'>deleta,</span> <span class='ocrx_word' id='word_1_177' title='bbox 1172 3467 1229 3523; x_wconf 87' lang='lat' dir='ltr'>aut</span> <span class='ocrx_word' id='word_1_178' title='bbox 1251 3458 1312 3523; x_wconf 82' lang='lat' dir='ltr'>alio</span> 
     </span>
     <span class='ocr_line' id='line_1_28' title="bbox 211 3561 1313 3645; baseline 0.004 -23"><span class='ocrx_word' id='word_1_179' title='bbox 211 3578 288 3623; x_wconf 89' lang='lat' dir='ltr'>casu</span> <span class='ocrx_word' id='word_1_180' title='bbox 315 3561 522 3628; x_wconf 88' lang='lat' dir='ltr'>conturbatos</span> <span class='ocrx_word' id='word_1_181' title='bbox 550 3563 691 3644; x_wconf 87' lang='lat' dir='ltr'>incolas,</span> <span class='ocrx_word' id='word_1_182' title='bbox 721 3563 775 3645; x_wconf 93' lang='lat' dir='ltr'>qui</span> <span class='ocrx_word' id='word_1_183' title='bbox 805 3571 900 3627; x_wconf 87' lang='lat' dir='ltr'>antea</span> <span class='ocrx_word' id='word_1_184' title='bbox 921 3584 1017 3627; x_wconf 88' lang='lat' dir='ltr'>unam</span> <span class='ocrx_word' id='word_1_185' title='bbox 1040 3563 1203 3626; x_wconf 86' lang='lat' dir='ltr'>civitatem</span> <span class='ocrx_word' id='word_1_186' title='bbox 1226 3562 1313 3627; x_wconf 91' lang='lat' dir='ltr'>inco·</span> 
     </span>
     <span class='ocr_line' id='line_1_29' title="bbox 209 3661 1313 3750; baseline 0.004 -26"><span class='ocrx_word' id='word_1_187' title='bbox 209 3661 352 3746; x_wconf 85' lang='lat' dir='ltr'>lucrant,</span> <span class='ocrx_word' id='word_1_188' title='bbox 379 3665 500 3731; x_wconf 87' lang='lat' dir='ltr'>relictis</span> <span class='ocrx_word' id='word_1_189' title='bbox 528 3664 658 3730; x_wconf 87' lang='lat' dir='ltr'>sedibus</span> <span class='ocrx_word' id='word_1_190' title='bbox 686 3663 828 3729; x_wconf 88' lang='lat' dir='ltr'>diversas</span> <span class='ocrx_word' id='word_1_191' title='bbox 855 3674 960 3731; x_wconf 85' lang='lat' dir='ltr'>terrae</span> <span class='ocrx_word' id='word_1_192' title='bbox 987 3673 1096 3750; x_wconf 85' lang='lat' dir='ltr'>partes</span> <span class='ocrx_word' id='word_1_193' title='bbox 1119 3665 1313 3749; x_wconf 81' lang='lat' dir='ltr'>quaesivisse</span> 
     </span>
     <span class='ocr_line' id='line_1_30' title="bbox 210 3768 1185 3855; baseline 0.004 -27"><span class='ocrx_word' id='word_1_194' title='bbox 210 3773 242 3828; x_wconf 90' lang='lat' dir='ltr'>et</span> <span class='ocrx_word' id='word_1_195' title='bbox 263 3768 355 3833; x_wconf 90' lang='lat' dir='ltr'>novis</span> <span class='ocrx_word' id='word_1_196' title='bbox 377 3768 558 3833; x_wconf 86' lang='lat' dir='ltr'>nominibus</span> <span class='ocrx_word' id='word_1_197' title='bbox 580 3789 680 3832; x_wconf 90' lang='lat' dir='ltr'>novas</span> <span class='ocrx_word' id='word_1_198' title='bbox 703 3775 814 3855; x_wconf 82' lang='lat' dir='ltr'>gentes</span> <span class='ocrx_word' id='word_1_199' title='bbox 837 3769 1017 3834; x_wconf 89' lang='lat' dir='ltr'>condidisse</span> <span class='ocrx_word' id='word_1_200' title='bbox 1038 3768 1185 3855; x_wconf 81' lang='lat' dir='ltr'>legimus.</span> 
     </span>
    </p>

    <p class='ocr_par' dir='ltr' id='par_1_10' title="bbox 209 3868 1314 4269">
     <span class='ocr_line' id='line_1_31' title="bbox 293 3868 1313 3958; baseline -0.002 -21"><span class='ocrx_word' id='word_1_201' title='bbox 293 3868 347 3937; x_wconf 74' lang='lat' dir='ltr'>‘Ut</span> <span class='ocrx_word' id='word_1_202' title='bbox 377 3881 482 3937; x_wconf 87' lang='lat' dir='ltr'>autem</span> <span class='ocrx_word' id='word_1_203' title='bbox 514 3870 689 3935; x_wconf 89' lang='lat' dir='ltr'>secundum</span> <span class='ocrx_word' id='word_1_204' title='bbox 724 3871 924 3937; x_wconf 90' lang='lat' dir='ltr'>orientalium</span> <span class='ocrx_word' id='word_1_205' title='bbox 959 3872 1151 3958; x_wconf 89' lang='lat' dir='ltr'>populorum</span> <span class='ocrx_word' id='word_1_206' title='bbox 1177 3870 1313 3952; x_wconf 88' lang='lat' dir='ltr'>fabulas,</span> 
     </span>
     <span class='ocr_line' id='line_1_32' title="bbox 210 3973 1313 4064; baseline 0 -26"><span class='ocrx_word' id='word_1_207' title='bbox 210 3997 306 4058; x_wconf 92' lang='lat' dir='ltr'>quum</span> <span class='ocrx_word' id='word_1_208' title='bbox 328 3975 404 4039; x_wconf 92' lang='lat' dir='ltr'>olim</span> <span class='ocrx_word' id='word_1_209' title='bbox 425 3996 490 4038; x_wconf 88' lang='lat' dir='ltr'>una</span> <span class='ocrx_word' id='word_1_210' title='bbox 512 3973 687 4058; x_wconf 88' lang='lat' dir='ltr'>eademque</span> <span class='ocrx_word' id='word_1_211' title='bbox 709 3975 818 4064; x_wconf 83' lang='lat' dir='ltr'>lingua</span> <span class='ocrx_word' id='word_1_212' title='bbox 839 3983 1004 4041; x_wconf 89' lang='lat' dir='ltr'>uterentur</span> <span class='ocrx_word' id='word_1_213' title='bbox 1025 3974 1180 4058; x_wconf 86' lang='lat' dir='ltr'>homines,</span> <span class='ocrx_word' id='word_1_214' title='bbox 1203 3981 1236 4039; x_wconf 86' lang='lat' dir='ltr'>et</span> <span class='ocrx_word' id='word_1_215' title='bbox 1258 3995 1313 4038; x_wconf 91' lang='lat' dir='ltr'>na-</span> 
     </span>
     <span class='ocr_line' id='line_1_33' title="bbox 209 4076 1314 4164; baseline 0.002 -23"><span class='ocrx_word' id='word_1_216' title='bbox 209 4077 329 4142; x_wconf 89' lang='lat' dir='ltr'>tionem</span> <span class='ocrx_word' id='word_1_217' title='bbox 352 4076 443 4160; x_wconf 84' lang='lat' dir='ltr'>quasi</span> <span class='ocrx_word' id='word_1_218' title='bbox 465 4099 561 4141; x_wconf 85' lang='lat' dir='ltr'>unam</span> <span class='ocrx_word' id='word_1_219' title='bbox 584 4100 694 4144; x_wconf 89' lang='lat' dir='ltr'>omnes</span> <span class='ocrx_word' id='word_1_220' title='bbox 715 4079 875 4163; x_wconf 83' lang='lat' dir='ltr'>facerent,</span> <span class='ocrx_word' id='word_1_221' title='bbox 904 4078 1023 4145; x_wconf 89' lang='lat' dir='ltr'>eversis</span> <span class='ocrx_word' id='word_1_222' title='bbox 1050 4077 1181 4144; x_wconf 90' lang='lat' dir='ltr'>tandem</span> <span class='ocrx_word' id='word_1_223' title='bbox 1203 4077 1314 4164; x_wconf 86' lang='lat' dir='ltr'>Baby-</span> 
     </span>
     <span class='ocr_line' id='line_1_34' title="bbox 209 4179 1314 4269; baseline 0.002 -26"><span class='ocrx_word' id='word_1_224' title='bbox 209 4179 302 4244; x_wconf 88' lang='lat' dir='ltr'>loniis</span> <span class='ocrx_word' id='word_1_225' title='bbox 323 4179 471 4263; x_wconf 90' lang='lat' dir='ltr'>molibus,</span> <span class='ocrx_word' id='word_1_226' title='bbox 495 4179 639 4246; x_wconf 88' lang='lat' dir='ltr'>diversae</span> <span class='ocrx_word' id='word_1_227' title='bbox 660 4182 754 4247; x_wconf 89' lang='lat' dir='ltr'>simul</span> <span class='ocrx_word' id='word_1_228' title='bbox 770 4192 882 4269; x_wconf 87' lang='lat' dir='ltr'>gentes</span> <span class='ocrx_word' id='word_1_229' title='bbox 897 4182 1070 4248; x_wconf 78' lang='lat' dir='ltr'>extiterrmt</span> <span class='ocrx_word' id='word_1_230' title='bbox 1093 4189 1130 4246; x_wconf 89' lang='lat' dir='ltr'>et</span> <span class='ocrx_word' id='word_1_231' title='bbox 1150 4181 1314 4246; x_wconf 88' lang='lat' dir='ltr'>univer-</span> 
     </span>
    </p>
   </div>
   <div class='ocr_carea' id='block_1_9' title="bbox 0 0 1383 4844">
    <p class='ocr_par' dir='ltr' id='par_1_11' title="bbox 0 0 1383 4844">
     <span class='ocr_line' id='line_1_35' title="bbox 0 0 1383 4844; baseline 0 0"><span class='ocrx_word' id='word_1_232' title='bbox 0 0 1383 4844; x_wconf 95' lang='lat' dir='ltr'> </span> 
     </span>
    </p>
   </div>
  </div>
 </body>
</html>
