2752 4844
580 414 643 480 179

56 590 187 653 nicam
215 590 392 676 linguas,
422 587 462 652 de
485 609 548 671 qua
570 585 726 672 siquidem
751 586 924 654 Slavonica
945 590 1046 655 nostri
1068 592 1159 677 regni

56 692 190 757 Boemie
212 691 333 756 idioma
354 690 491 777 sumpsit
513 689 678 754 exordium
706 691 954 776 primordialiter
976 701 1008 758 et
1030 716 1159 779 proces-

56 797 108 873 sit,
132 795 269 859 debeant
290 795 405 858 futuris
426 793 625 880 temporibus
647 793 819 877 celebrare,
841 795 885 859 ad
899 794 985 880 quod
1001 796 1159 881 siquidem

55 898 283 963 monasterium
312 896 560 962 construendum
672 887 769 987 quam
790 898 969 983 praefatam
990 899 1159 985 parochia·

56 1003 119 1067 lem
142 1001 309 1066 ecclesiam
341 1001 374 1064 in
411 999 532 1064 dictum
568 1003 796 1066 monasterium
824 1000 993 1066 claustrale
1022 1011 1056 1067 et
1083 1025 1158 1068 con-

55 1105 204 1170 ventuale
233 1104 275 1168 ad
303 1104 455 1169 honorem
484 1104 567 1186 Dei,
595 1103 840 1189 beatissimeque
868 1103 976 1169 Marie
1002 1103 1158 1194 Virginis,

56 1209 168 1273 matris
190 1209 273 1290 eius,
300 1229 344 1272 ac
372 1207 642 1294 gloriosorum
664 1208 869 1294 Ieronymi
890 1208 1060 1294 prefati,
1090 1207 1158 1274 ci-

55 1311 247 1396 rullique,
271 1310 492 1393 Methudii,
516 1311 732 1376 Adalberti
754 1318 794 1376 et
814 1311 1027 1397 Procopii,
1048 1322 1158 1396 patro·

54 1438 167 1479 norum
190 1412 270 1479 dicti
291 1416 381 1502 regni
402 1415 553 1497 Boemie,
574 1424 753 1501 martyrum
775 1422 809 1478 et
830 1415 1059 1498 confessorum,
1080 1415 1158 1480 titu-

53 1520 120 1583 lum
150 1528 183 1582 et
210 1518 380 1600 bonorem,
411 1520 572 1604 prefatum
601 1518 877 1604 archiepiscopum
907 1515 1097 1601 requirimus
1125 1526 1159 1583 et

55 1620 221 1685 hortamur
248 1630 386 1704 attente,
422 1623 515 1686 iuxta
542 1622 797 1688 commissionem
826 1645 846 1686 a
877 1620 953 1685 sede
981 1622 1159 1706 apostolica
1240 1610 1244 1616 ⁸

56 1724 116 1788 sibi
138 1725 257 1787 factam
280 1726 381 1811 erigi“
406 1734 466 1789 etc.
483 1735 545 1791 etc.
846 1715 850 1722 ¹

143 1826 267 1889 Datum
288 1826 503 1912 Nuremberg,
525 1848 608 1890 anno
631 1826 763 1891 Domini
788 1827 883 1894 1347.
906 1825 1088 1892 Indictione
1106 1830 1157 1895 15.

56 1928 119 1991 XI.
136 1927 210 1992 Kal.
228 1927 427 1993 Decembris.
462 1927 648 2015 Regnorum
662 1935 843 1992 nostrornm
861 1949 944 1993 anuo
962 1929 1135 1994 secundo“.

144 2119 222 2184 VII.
259 2118 408 2203 Denique
431 2117 543 2183 eadem
565 2119 690 2203 patriae
713 2119 846 2183 caritate
869 2118 958 2183 ducti
973 2117 1160 2185 carniolen-

55 2245 119 2306 ses,
141 2246 239 2308 quum
261 2221 432 2287 fimdarent
454 2245 537 2286 anuo
562 2223 657 2290 1495.
680 2222 909 2289 confessarium
931 2212 1159 2288 sclavonicum

55 2329 255 2414 Aquisgrani
275 2349 334 2412 pro
361 2326 538 2412 peregrinis
560 2324 737 2409 Carniolis,
765 2349 849 2392 eam
877 2325 1159 2392 fundationem

57 2431 321 2517 appellavere
342 2430 382 2494 in
403 2428 594 2493 honorem
611 2427 678 2496 SS.
694 2429 931 2515 Hieronymi
955 2426 1160 2514 etCyrilli

57 2543 97 2598 et
117 2532 407 2613 Methodii⁴⁸⁸).
891 2607 894 2614 Ι

144 2635 239 2717 Quae
260 2659 313 2702 res
334 2658 446 2701 omnes
469 2657 548 2719 quas
569 2634 734 2718 hufflsque
754 2635 860 2699 animo
877 2631 1160 2716 consideravimus,

56 2762 154 2825 quum
169 2739 280 2805 llthici
301 2737 484 2825 philosophi
505 2739 642 2823 repertis
663 2761 765 2824 nuper
783 2737 1011 2828 confirmentur
1024 2737 1160 2803 elemen-

56 2845 109 2926 tis,
133 2843 173 2907 de
196 2843 229 2910 S.
245 2844 444 2928 Hieronymo
468 2863 565 2926 quum
588 2841 778 2907 translatore
796 2838 1070 2928 Cosmographiac
1093 2849 1160 2906 tum

56 2949 235 3012 litterarum
259 2945 527 3033 Glagoliticarum
549 2946 662 3008 sinon
684 2945 866 3026 inventore,
895 2953 930 3008 at
951 2943 1063 3007 saltem
1084 2967 1160 3028 pro·

19 3078 23 3082 -
56 3057 212 3134 pagatore
232 3047 353 3111 diutius
371 3046 517 3111 dubitare
532 3046 619 3109 nullo
637 3045 733 3110 modo
751 3047 1011 3130 possumus⁴⁸⁸⁸).
1044 3042 1162 3111 Restat

56 3163 165 3215 tamen
190 3157 228 3213 ut
254 3148 458 3235 paragrapho
487 3148 633 3231 sequenti
660 3146 702 3211 de
729 3148 919 3234 cognatione
946 3150 1051 3233 pauca
1079 3148 1161 3212 adii·

59 3255 197 3335 ciamus,
227 3274 309 3336 quae
336 3253 421 3316 inter
448 3250 604 3314 elementa
625 3247 823 3335 Glagolitica
845 3258 878 3314 et
899 3247 1085 3336 Gyrillizam
1112 3253 1161 3316 in·

57 3355 204 3421 tercedit.

127 3533 196 3596 tss)
215 3537 260 3585 cfr.
275 3536 429 3598 „Evangelia
445 3534 560 3584 savio&
579 3544 627 3584 etc.
646 3535 729 3583 edidd.
746 3534 812 3583 ts,
825 3533 945 3584 Silvestre
962 3541 988 3583 et
1004 3534 1036 3584 Β.
1045 3535 1162 3597 Rapitur,

56 3623 174 3672 Lutetiae
192 3622 347 3671 Parisiorum
366 3619 444 3670 1843.
471 3615 513 3668 4⁸.
541 3616 682 3684 pagm
699 3620 767 3669 med.

129 3704 218 3767 issa)
236 3708 282 3756 His
304 3709 367 3771 ipsis
384 3707 473 3755 diebus
495 3706 560 3754 Lud.
576 3706 721 3756 Bethmann
738 3706 828 3754 litteris
838 3720 888 3765 vme
905 3703 1040 3754 certiorem
1056 3704 1119 3754 fecit
1134 3706 1162 3755 in

57 3796 114 3846 cod.
139 3795 249 3857 quodam
272 3792 346 3844 MSS.
363 3792 486 3842 Brlrlioth.
503 3791 593 3854 segia
610 3791 708 3841 Sneeic.
733 3782 893 3853 sign1573.
917 3803 984 3838 saec.
1000 3790 1048 3839 xi
1069 3790 1163 3840 hirtum

57 3891 145 3931 exure
167 3881 216 3929 hac
237 3880 414 3942 inscriptione:
439 3879 508 3936 „Ine
531 3877 595 3926 ordo
610 3877 706 3925 solans
728 3877 788 3925 anni
811 3888 869 3923 cnm
886 3875 977 3924 litteris
995 3890 1011 3925 a
1027 3874 1054 3925 Β.
1071 3877 1163 3926 Hiero-

57 3983 135 4032 nymo
154 3965 320 4030 superpositis
338 3967 370 4014 ad
389 3961 573 4028 explorandum
589 3962 617 4010 in
634 3976 666 4011 eo
684 3976 730 4025 per
749 3963 889 4024 septimane
901 3963 955 4011 dies
966 3961 1042 4011 lunae
1053 3969 1165 4012 aetatem

57 4054 153 4103 cotidie
169 4067 216 4116 per
232 4050 334 4101 xvrm
351 4049 457 4100 annos“.
485 4048 542 4098 Hoc
560 4056 647 4096 antem
662 4047 729 4096 libro
746 4048 870 4098 contineri
888 4048 990 4110 scripsit
1007 4060 1085 4109 qnnm
1101 4049 1164 4097 alias

58 4140 154 4187 litteras
172 4137 273 4198 multas,
292 4146 346 4186 tum
363 4137 471 4198 apices
484 4133 690 4185 Sclavonicos
709 4148 837 4182 numero
855 4132 907 4194 21,
928 4147 992 4196 qnos
1010 4135 1164 4183 &ammar-

57 4225 112 4286 gini
130 4224 174 4271 sol.
186 4219 245 4272 62¹.
261 4222 402 4286 adscriptos
420 4236 477 4270 esse
495 4220 612 4270 affirmat

896 4299 963 4365 12*
