2752 4844
670 411 712 477 22

247 610 319 652 rum
342 607 425 652 saec.
441 586 494 666 X3
518 624 557 634 -—
583 585 781 673 Fragmenta
802 584 965 651 eValerio
988 585 1134 653 Maximo
1155 611 1244 656 saec.

148 695 156 712 ”
249 691 335 770 XV;
356 729 398 738 -
421 688 538 755 Vibius
560 687 733 774 Sequestcr
755 710 838 755 saec.
853 689 939 770 XV3
957 728 998 739 -
1020 689 1180 758 Aethicus
1203 693 1246 759 ab

248 795 448 882 Hieronymo
471 794 646 859 translatus
667 815 752 860 saec.
768 793 857 874 XII3
882 831 923 842 -
952 793 1148 882 Aenigmata
1174 797 1246 862 lan-

249 898 425 987 gobardico
450 897 635 963 charactere
657 905 804 978 exarata3
828 934 870 946 -
893 897 1085 984 Anonymus
1107 897 1148 964 de
1167 922 1246 988 pro-

248 1004 387 1089 prietate
407 1002 657 1088 provinciarum,
680 1023 763 1067 saec.
779 1000 876 1066 XIV.

226 1106 292 1172 Hic
322 1115 430 1172 autem
457 1106 555 1190 liber,
588 1103 674 1190 quod
703 1128 801 1194 supra
828 1105 1050 1192 exposuimus,
1079 1107 1247 1192 exemplar

137 1212 244 1297 ipsum
266 1210 341 1275 Iulii
364 1207 512 1275 Oratoris
533 1232 597 1274 non
618 1211 689 1293 fuit,
714 1210 772 1276 sed
794 1234 834 1276 ex
855 1211 910 1277 illo
931 1220 1039 1275 tamen
1062 1211 1246 1297 exscriptus

138 1324 196 1380 est.
242 1312 342 1396 Quod
364 1323 403 1378 ut
423 1323 602 1379 statuamus
623 1337 662 1378 eo
686 1313 894 1398 adducimur,
922 1314 996 1399 quia
1024 1313 1121 1379 alium
1146 1311 1245 1381 huius

137 1419 332 1484 recensionis
354 1417 499 1482 codicem
520 1441 585 1482 non
607 1417 839 1506 indagavimus,
862 1427 895 1484 et
917 1418 1004 1504 quod
1026 1441 1067 1484 ex
1082 1417 1146 1483 hoc
1159 1418 1245 1484 libro

138 1544 248 1587 omnes
277 1521 436 1588 secundae
465 1529 561 1606 atque
587 1521 709 1587 tertiae.
722 1522 915 1588 recensionis
937 1521 1065 1588 codices
1086 1522 1153 1587 sine
1176 1523 1245 1588 ullo

138 1625 235 1692 dubio
259 1627 322 1691 orti
345 1634 435 1708 sunt,
466 1648 561 1710 quam
587 1649 655 1690 rem
680 1625 727 1690 ita
749 1647 819 1691 esse
840 1625 923 1690 infra
944 1623 1245 1692 demonstrabimus

138 1727 270 1795 Codicis
293 1738 401 1794 autem
422 1729 524 1794 nostri
547 1730 758 1817 archetypum
783 1732 833 1814 (ut
854 1726 1005 1794 credibile
1028 1732 1102 1812 est),
1124 1738 1157 1794 et
1177 1730 1246 1795 sor-

137 1843 223 1899 tasse
245 1835 350 1920 ipsu'm
372 1833 447 1898 Iulii
468 1833 604 1898 Honorii
628 1830 776 1898 Oratoris
800 1833 931 1897 -sive
959 1833 1068 1917 potius
1093 1832 1246 1920 discipuli

137 1975 179 1986 —
203 1938 376 2024 exemplar,
399 1937 583 2002 liberalius
607 1945 675 2001 erat
698 1935 738 2002 de
761 1959 824 2021 quo
841 1933 1053 2001 Cassiodorus
1069 1937 1221 2020 loquitur.

228 2044 256 2110 1.
303 2039 442 2106 Codex
465 2038 722 2122 cassiodori,
752 2062 834 2105 saec.
854 2039 896 2105 V.
928 2049 1078 2105 exaratus
1102 2039 1153 2125 (i)
1185 2042 1243 2106 cfr.

137 2145 262 2211 dehoc
291 2145 373 2211 libro
399 2146 498 2211 verba
520 2141 708 2210 Cassiodori
722 2145 793 2225 ¹²¹)=
824 2144 1006 2227 ,Libellum
1026 2142 1101 2208 Iulii
1123 2141 1245 2210 Orato-

135 2251 191 2332 ris,
214 2272 309 2334 quem
327 2249 419 2315 vobis
437 2248 561 2332 reliqui,
584 2246 727 2313 studiose
740 2248 847 2336 legere
861 2249 1032 2315 festinetis:
1058 2247 1112 2332 qui
1129 2250 1244 2332 maria,

135 2353 265 2436 insulas,
289 2362 413 2418 montes
432 2354 582 2433 famosos,
605 2352 798 2436 provincias,
821 2353 978 2437 civitates,
1000 2352 1141 2439 flumina,
1164 2375 1245 2439 gen-

135 2465 198 2540 tes,
221 2457 267 2522 ita
281 2457 477 2543 quadrifaria
493 2454 696 2520 distinctione
711 2457 897 2542 complexus
913 2466 973 2539 est,
995 2457 1032 2520 ut
1045 2478 1146 2541 paene
1162 2456 1243 2522 nihil

135 2560 217 2625 libro
239 2561 303 2646 ipsi
324 2560 419 2643 desit,
441 2558 528 2645 quod
550 2558 592 2624 ad
609 2556 844 2649 Cosmographi
867 2562 1015 2626 notitiam
1035 2561 1244 2646 cognoscitur

136 2666 326 2750 pertinere“.
387 2693 391 2701 ’

224 2765 318 2851 Quae
341 2777 448 2834 autem
471 2789 510 2832 ex
533 2768 645 2836 codice
667 2771 886 2855 manuscripto
908 2769 942 2833 in
955 2766 1052 2832 Notis
1068 2765 1110 2832 ad
1123 2766 1241 2855 Pomp.

136 2871 244 2937 Melae
266 2870 383 2937 librum
404 2869 475 2954 Ill,
502 2895 572 2959 cap.
595 2873 622 2939 I.
638 2877 693 2953 ¹²²)
719 2883 751 2939 et
773 2873 815 2940 ad
837 2873 892 2939 lib.
915 2871 985 2955 111,
1014 2893 1085 2958 cap.
1106 2870 1170 2936 IX.
1185 2874 1239 2956 ¹²³)

136 2975 268 3042 Isaacus
289 2976 324 3042 -V
324 2977 428 3042 ossius
452 2974 492 3042 de
513 2976 618 3045 Durio
640 2979 770 3046 flumine
796 2987 829 3043 et
851 2976 891 3042 de
913 2975 1025 3041 Nilote
1047 2975 1173 3057 scribit,
1203 2999 1243 3040 ea

136 3104 176 3147 ex
198 3081 329 3147 meliore
351 3079 492 3165 quodam
511 3080 606 3149 huius
621 3081 813 3150 recensionis
837 3081 917 3166 (sive
932 3078 1007 3144 Iulii
1021 3076 1158 3141 Honorii
1171 3075 1242 3140 Ex-

88 3213 90 3219 ·
138 3186 332 3270 cerptorum)
363 3185 444 3251 libro
472 3185 641 3272 depromta
669 3212 733 3254 non
761 3195 852 3268 sunt,
880 3191 918 3248 ut
946 3181 1015 3245 vult
1037 3177 1241 3245 Christianus

134 3286 289 3354 Petersen
302 3291 382 3373 ¹²⁴),
404 3290 460 3356 sed
490 3314 530 3358 ex
560 3291 671 3358 codice
700 3289 875 3356 Parisiensi
895 3282 1053 3350 Biblioth.
1072 3279 1239 3349 National.

136 3391 301 3479 Supplem.
320 3395 393 3464 685.
416 3419 500 3463 saec.
517 3396 581 3461 IX.
605 3396 660 3481 qui
683 3393 813 3483 quidem
834 3387 877 3453 ad
890 3383 1064 3451 secundam
1078 3386 1241 3450 recensio-

133 3518 207 3561 nem
228 3501 365 3585 pertinet
380 3503 453 3586 ¹²⁵),
479 3511 512 3567 et
541 3524 582 3566 ex
611 3497 682 3562 cod.
705 3493 818 3558 Paria.
831 3489 929 3558 4871.
950 3509 1036 3554 saec.
1057 3487 1120 3552 XI.
1144 3496 1240 3556 antea

134 3600 289 3669 Thuaneo
302 3607 367 3690 ι16).

204 3819 271 3883 121)
290 3824 306 3872 l.
327 3834 404 3885 supra
420 3819 530 3868 laudato.

202 3905 267 3969 122)
287 3908 332 3957 cfr.
342 3907 432 3967 Pomp.
442 3903 537 3951 Melam
550 3903 589 3951 ed.
600 3902 695 3951 Abrah.
707 3900 817 3952 Gronov.
836 3901 917 3964 Lugd.
928 3901 984 3949 But.
998 3898 1072 3950 1722.
1088 3893 1124 3950 8⁰.
1137 3914 1163 3962 p.
1175 3898 1238 3951 527.

203 3989 269 4052 123)
288 3992 348 4040 ibid.
366 4003 424 4053 pag.
438 3985 498 4036 598.

202 4073 269 4135 124)
287 4075 304 4123 l.
324 4091 345 4124 c.
364 4089 422 4139 pag.
438 4073 495 4123 196.

203 4158 270 4222 125)
288 4162 334 4212 cir.
353 4161 420 4211 infra
437 4176 494 4225 pag.
509 4159 550 4209 31.
562 4176 598 4222 sq.

141 4284 143 4287 -
203 4245 268 4308 126)
288 4248 332 4297 cfr.
352 4247 417 4298 infra
436 4263 492 4311 pag.
508 4245 549 4296 36.
