2752 4844
659 405 720 473 147

223 579 264 644 In
284 579 366 644 haec
394 581 514 665 optime
542 577 702 662 quadrant
730 602 812 663 quae
836 580 870 645 in
898 581 1033 666 epistola
1053 581 1170 648 XXII.
1192 584 1237 659 ad

134 684 348 749 Eustochium
358 685 414 766 ³⁴¹)
438 681 473 750 S.
488 682 706 770 Hieronymus
728 683 768 750 de
790 706 824 750 se
845 683 917 768 ipso
938 685 1064 751 scribit:

225 786 356 870 ,Quum
378 794 453 852 ante
475 809 574 851 annos
596 787 750 871 plurimos
771 786 878 870 domo,
900 788 1096 872 parentibus,
1116 811 1236 875 sorore,

137 890 304 978 ,cognatis
326 899 369 974 et,
391 889 479 974 quod
499 890 550 954 his
572 889 733 957 difficilius
755 900 814 974 est,
843 891 1072 957 consuetudine
1091 892 1237 962 lautioris

137 994 238 1079 ,cibi,
259 1002 392 1080 propter
413 995 573 1059 caelorum
593 1017 649 1059 me
669 1018 770 1081 regna
790 1002 997 1076 castrassem,
1023 1003 1057 1059 et
1076 995 1235 1085 lerosoly-

137 1121 243 1182 „mam
264 1098 459 1163 militaturus
478 1119 656 1191 pergerem,
671 1098 880 1163 'Bibliotheca
901 1120 996 1181 quam
1016 1098 1095 1164 mihi
1111 1099 1237 1168 Romae

137 1224 282 1285 „summo
311 1201 417 1266 studio
446 1223 484 1266 ac
512 1201 622 1266 labore
647 1202 846 1267 confeceram
880 1223 988 1266 carere
1016 1203 1144 1268 omnino
1170 1228 1236 1270 non

136 1313 311 1391 „poteram
361 1304 477 1388 Itaque
502 1305 601 1369 miser
627 1327 688 1391 ego
712 1305 853 1369 lecturus
874 1304 1017 1369 Tullium
1044 1305 1234 1374 ieiunabam.

137 1410 238 1491 ,Post
258 1408 401 1473 noctium
423 1407 552 1473 crebras
578 1408 720 1495 vigiliae,
748 1415 823 1494 post
850 1407 1026 1496 lacrymas,
1054 1432 1135 1494 quas
1156 1412 1236 1478 mihi

137 1512 401 1599 ,praeteritorum
434 1511 615 1577 recordatio
649 1501 871 1597 peccatorum
890 1525 931 1576 ex
956 1513 1029 1577 imis
1059 1513 1237 1583 visceribus

137 1617 299 1699 „eruebat,
320 1615 456 1680 Plautus
477 1615 662 1681 sumebatur
682 1615 716 1678 in
736 1637 859 1679 manus.
905 1615 943 1683 si
964 1614 1092 1701 quando
1113 1617 1149 1681 in
1169 1642 1235 1684 me-

136 1727 223 1802 „met
250 1719 355 1805 ipsum
382 1741 528 1783 reversus
557 1718 737 1805 Prophetas
763 1720 870 1805 legere
903 1719 1096 1805 coepissem,
1130 1743 1234 1787 sermo

124 1822 308 1909 ,horrebat
335 1821 488 1901 incultus:
518 1832 551 1886 et
579 1823 654 1906 quia
681 1823 787 1888 lumen
810 1823 915 1888 caecis
937 1810 1039 1888 oculis
1060 1845 1124 1888 non
1147 1824 1235 1891 vide·

136 1927 243 2008 „ham,
264 1946 329 1988 non
350 1925 514 1988 oculorum
536 1924 689 2009 putabam
712 1923 840 2008 culpam
854 1947 935 2007 esse,
957 1926 1114 1992 sed-eolis.
1147 1927 1236 1994 Dum

136 2016 205 2110 „ita
225 2049 277 2092 me
299 2027 448 2109 antiquus
470 2026 572 2092 hostis
592 2026 756 2109 illuderet,
784 2027 818 2090 in
838 2026 946 2093 media
965 2029 1064 2094 ferme
1087 2028 1236 2113 Quadra·

136 2129 280 2217 „gesima
307 2128 455 2195 medullis
482 2130 596 2195 inlusa.
615 2129 713 2201 febris
748 2150 864 2215 corpus
890 2129 1009 2196 inuasit
1035 2132 1236 2220 exhaustum,

136 2242 190 2316 „et
211 2235 278 2299 sine
300 2233 366 2297 ulla
386 2233 496 2318 requie
520 2232 620 2318 (quod
642 2232 732 2298 dictu
754 2253 881 2317 quoque
902 2232 1089 2302 incredibile
1111 2237 1164 2321 sit)
1189 2240 1236 2304 sic

136 2336 295 2419 „infelicia
316 2336 459 2406 membra
481 2335 616 2422 depasta
630 2345 690 2419 est,
711 2344 748 2400 ut
763 2333 888 2400 ossibus
902 2335 958 2401 vix
971 2334 1144 2404 haererem.
1180 2341 1236 2406 In-

137 2439 250 2523 ,terim
273 2446 427 2524 parantur
449 2441 617 2524 exequiae,
647 2448 680 2504 et
706 2438 814 2504 vitalis
836 2437 934 2503 animi
956 2440 1058 2522 calor,
1089 2449 1159 2504 toto
1180 2444 1237 2507 fri-

136 2551 305 2630 „gescente
333 2543 399 2629 iam
426 2565 576 2629 corpore,
605 2543 638 2604 in
662 2542 730 2607 solo
752 2547 878 2605 tantum
899 2549 1028 2627 tepente
1050 2546 1236 2627 pectusculo

137 2645 349 2732 ,palpitabae
380 2669 478 2729 quum
507 2645 613 2712 subito
635 2653 748 2732 raptus
770 2644 804 2708 in
826 2643 940 2729 spiritu
963 2643 1005 2709 ad
1027 2643 1167 2711 tribunal
1187 2647 1236 2712 iu·

137 2748 238 2832 ,dicis
260 2749 443 2835 pertrahor:
473 2749 529 2815 ubi
554 2745 830 2814 tantumluminis
852 2755 885 2811 et
907 2755 999 2812 tanta
1020 2757 1089 2812 erat
1175 2750 1237 2816 ful-

136 2853 255 2940 „goris,
277 2862 314 2919 ut
335 2853 498 2939 proiectus
515 2853 548 2916 iu
568 2862 687 2919 terram
709 2873 819 2918 sursus
838 2851 982 2936 aspicere
995 2874 1060 2916 non
1075 2852 1233 2919 auderem.
1268 2914 1271 2920 .

136 2955 378 3041 ,Interrogatus
399 2956 439 3021 de
462 2955 654 3038 conditione,
678 2953 896 3021 Christianum
917 2978 969 3020 me
990 2977 1060 3021 esse
1074 2956 1235 3042 respondi.

136 3057 202 3139 „Et
224 3058 277 3121 ille
299 3058 354 3140 qui
375 3057 593 3145 praesidebat:
628 3057 837 3141 „,Mentiris,
865 3058 926 3140 ait,
949 3055 1179 3124 Ciceronianus
1194 3082 1236 3125 es

136 3181 221 3241 „non
233 3157 451 3224 Christianus:
469 3160 524 3225 ubi
540 3161 624 3225 enim
638 3159 808 3225 thesaurus
819 3167 906 3241 tuus,
922 3160 968 3225 ibi
980 3169 1012 3225 et
1023 3182 1079 3226 cor
1090 3165 1234 3228 tuum““.

135 3261 249 3344 „Illioo
272 3260 433 3344 obmutui,
461 3272 494 3327 et
514 3263 598 3328 inter
619 3261 753 3327 verbera
776 3265 869 3345 (nam
892 3261 984 3326 caedi
1006 3285 1057 3326 me
1078 3265 1233 3350 iusserat)

137 3365 370 3447 „conscientiae
391 3365 494 3451 magis
507 3366 582 3453 igne
597 3364 781 3449 torquebar,
802 3364 891 3428 illum
904 3385 1031 3429 mecum
1045 3365 1236 3431 versiculum

136 3475 323 3554 „reputans:
347 3467 429 3551 „„In
443 3468 567 3534 inferno
582 3477 689 3535 autem
704 3469 776 3552 quis
791 3465 993 3534 confitebitur
1007 3466 1129 3533 tibi?““
1160 3466 1237 3534 Cla-

136 3593 244 3654 „mare
259 3566 379 3636 “tamen
409 3574 500 3658 coepi
532 3580 565 3637 et
595 3573 717 3638 eiulans
745 3570 874 3637 dicere:
923 3569 1127 3654 „Miserere
1161 3574 1235 3657 mei,

137 3672 306 3757 „Domina
318 3675 468 3741 miserere
490 3677 606 3740 mei““.
645 3670 757 3759 „Haec
777 3694 842 3740 vox
863 3674 947 3738 inter
960 3673 1087 3761 flagella
1107 3697 1246 3741 resona--

136 3777 222 3867 „bat
250 3776 396 3842 Tandem
412 3778 453 3843 ad
468 3779 680 3865 praesidentis
701 3801 807 3866 genua
827 3776 988 3863 provoluti
1011 3776 1066 3859 qui
1088 3778 1238 3846 astabant

138 3868 389 3964 ,precabantur,
416 3890 454 3946 ut
482 3883 608 3949 ueniam
635 3882 791 3948 tribueret
819 3879 1052 3958 adolescentiae
1082 3889 1115 3946 et
1137 3883 1236 3947 errori

137 3982 263 4065 ,locum
284 3985 500 4066 poenitentiae
521 3987 756 4069 commodaret,
785 3978 956 4079 exacturus
977 3981 1092 4050 deinde
1114 3984 1238 4049 erucia-

115 4276 125 4290 ,
147 4248 152 4254 .
206 4212 275 4277 att)
293 4216 501 4280 ofrcnteronyml
510 4215 597 4281 Onera
608 4218 647 4272 ed.
657 4215 876 4278 villermum
885 4217 907 4279 Ι,
925 4222 983 4282 pag.
993 4212 1057 4365 διε.
1070 4222 1096 4266 et
1108 4213 1179 4266 114.=

947 4337 951 4343 .
973 4298 987 4364 1
1023 4298 1038 4327 ὓ
