2752 4844
461 957 681 1078 CAPVT
717 959 756 1073 l.

79 1152 487 1226 OOSMOGRAPHIAu
525 1156 639 1224 LOCI
670 1156 763 1225 PRO
791 1156 825 1224 S.
849 1151 1154 1265 HIERONYMO⁸

78 1265 365 1335 PVGNANTES
400 1266 744 1338 Rnanannvrt
779 1264 939 1350 AnQvn
968 1263 1166 1331 DHVDI-·

508 1378 709 1448 CANTVR„

57 1557 241 1682 ΕΤΗΙΟΙ
269 1614 557 1706 Cosmographiam
590 1642 654 1686 uno
688 1616 841 1693 librorum
869 1616 1159 1702 manuscriptorum

57 1721 198 1785 omnium
221 1741 377 1787 consensu
399 1743 417 1786 e
439 1742 556 1807 graeco
585 1723 619 1788 in
643 1722 778 1788 latinum
800 1722 989 1789 translatam
1012 1741 1083 1786 esse
1105 1742 1159 1784 ac·

57 1824 200 1910 cepimus
222 1844 241 1885 a
265 1822 386 1890 Sancto
407 1822 608 1911 Hieronymo
637 1813 835 1910 presbytero.
881 1825 1038 1889 Attamen
1062 1845 1160 1907 quum

55 1934 171 1991 natura
192 1923 267 1990 libri
287 1925 361 1990 talis
384 1925 436 2008 sit7
459 1932 496 1990 ut
518 1947 636 2011 magna
658 1925 726 1991 eius
747 1947 823 2010 pars
846 1928 900 1990 vix
917 1926 1017 2017 ullum
1032 1947 1159 1991 sensum

56 2027 175 2094 habere
189 2026 345 2111 videatur,
368 2050 430 2092 nec
445 2050 509 2093 non
527 2028 628 2093 multa
643 2028 689 2094 ibi
703 2027 915 2111 inveniantur,
939 2050 1021 2114 quae
1035 2050 1160 2094 summo

57 2132 111 2196 illo
134 2130 203 2196 viro
226 2153 302 2197 sane
323 2129 545 2218 indignissima
567 2141 656 2198 sunt:
682 2131 737 2216 qui
760 2133 991 2198 accuratiorem
1013 2132 1081 2198 eius
1102 2155 1159 2196 no·

57 2236 162 2300 titiam
183 2235 243 2301 sibi
266 2245 541 2320 comparaverant,
563 2236 587 2300 ii
609 2235 649 2302 de
665 2235 787 2304 Sancto
808 2235 1009 2322 Hieronymo
1023 2232 1158 2302 Cosmo·

56 2337 210 2428 graphiae
237 2339 412 2426 interprete
440 2339 639 2406 dubitabant
683 2337 793 2421 Quare
813 2340 951 2406 Ioannes
972 2339 1072 2405 Picus
1093 2339 1159 2405 Mi·

56 2440 209 2507 randulae
231 2439 495 2527 Concordiaeque
518 2440 716 2525 Comes³¹⁸)‚
737 2442 840 2508 Iosias
856 2442 1052 2525 Simler³¹⁴)‚
1076 2439 1160 2508 Ger·

56 2545 176 2610 hardus
197 2544 309 2611 Ioann.
333 2544 556 2630 Vossius³¹⁶),
579 2546 636 2611 Du
657 2542 802 2632 (langius
813 2546 888 2628 ³¹⁶),
917 2544 987 2628 alii,
1009 2545 1158 2610 fictitium
1220 2565 1224 2570 ·

57 2671 125 2715 esse
147 2649 264 2715 librum
287 2649 527 2715 contenderunt.

145 2749 239 2835 Quae
261 2776 359 2838 quum
380 2754 428 2820 ita
450 2752 523 2836 sint,
546 2753 732 2838 priusquam
750 2750 795 2827 ‚de
817 2759 948 2817 auctore
963 2752 1034 2838 ipso
1050 2748 1158 2837 dispu-

56 2855 205 2940 tabimus,
227 2856 399 2923 videndum
422 2865 481 2942 est,
504 2857 532 2923 si
553 2858 636 2924 forte
658 2880 698 2922 ex
719 2855 801 2923 libro
816 2856 883 2922 eius
899 2863 1022 2923 certum
1037 2853 1159 2939 aliquid

57 2958 97 3026 de
120 2960 310 3027 translatore
331 2960 478 3048 indagari
500 2961 628 3045 poterit.

565 3126 593 3208 a.
620 3125 648 3191 1.

39 3257 255 3321 'nocnoavu
277 3270 438 3322 vmcatou
459 3268 679 3320 oucvnnum
705 3267 848 3320 corneo
871 3268 897 3319 s.
922 3266 1156 3318 nmnouruvu

86 3356 386 3410 cosmocuonnmn
403 3357 647 3409 mormannum
664 3355 869 3408 rveuourm
886 3352 1126 3406 annvronnva.
1182 3403 1186 3409 .

145 3474 222 3539 Duo
249 3475 450 3561 potissimum
479 3484 670 3563 argumenta,
695 3474 736 3540 ab
760 3474 800 3540 iis
823 3473 1014 3556 afferuntur,
1032 3470 1096 3555 ¹qui
1119 3468 1155 3538 S.

56 3578 289 3665 Hieronymum
311 3576 586 3668 Cosmographiae
611 3579 833 3646 translatorem
856 3579 1000 3645 extitisse
1021 3582 1154 3663 negant:

57 3681 316 3766 corruptissimus
343 3684 466 3748 seilicet
492 3683 590 3749 libelli
618 3705 738 3765 sermo,
768 3689 801 3746 et
828 3680 1030 3746 incredibilia
1053 3677 1155 3743 multa

129 3875 195 3938 313)
215 3879 260 3928 cfr.
279 3894 355 3941 supra
372 3895 429 3944 pag.
443 3878 485 3929 95.
504 3894 559 3928 nro.
575 3876 615 3926 12.

129 3960 196 4026 314)
215 3965 262 4014 e'fr.
281 3980 358 4028 snpra
374 3979 432 4029 pag.
445 3963 487 4023 95.
505 3981 560 4016 nro.
576 3961 615 4013 13.

184 4046 196 4110 )
216 4051 242 4100 in
260 4051 325 4101 libro
342 4054 383 4101 De
402 4051 535 4102 Historicis
553 4049 651 4100 Latinis
668 4062 726 4112 pag.
741 4048 800 4099 727.

106 4190 109 4194 A
130 4132 198 4195 313)
216 4137 242 4185 in
262 4134 392 4187 Glossario
410 4139 508 4188 mediae
527 4144 552 4187 ot
569 4136 670 4186 infimae
688 4136 838 4198 graecitatis.
866 4135 983 4198 Lugduni
1004 4131 1079 4182 1688.
1110 4131 1153 4181 sol.

58 4231 119 4272 tom.
132 4222 165 4273 11.
202 4221 303 4275 Omissa
322 4231 347 4274 et
363 4223 490 4276 Addenda
506 4239 564 4288 pag.
580 4221 638 4273 103.
658 4238 678 4273 s.
690 4238 713 4274 v.
733 4218 901 4291 Κορκόνολος.
