2752 4844
712 392 775 459 188

282 570 373 654 „Nos
395 578 501 634 autem
523 566 743 634 Hunibaldum
766 576 958 650 sequentes,·
972 566 1028 650 qui
1049 573 1194 651 tempore
1217 565 1294 631 Clo-

193 673 306 739 dovaei
328 673 458 760 Magni,
485 671 585 758 Regis
606 671 822 754 Francomm„
844 692 928 736 anno
950 668 1084 734 Domini
1104 669 1294 756 quingente-

192 777 273 842 simo
299 777 410 840 vivens
438 774 471 839 in
497 774 660 857 humanis,
688 798 729 841 ex
750 773 924 843 Wastaldo
946 782 979 837 et
1000 773 1070 837 aliis
1091 772 1293 837 Francorum

192 878 420 963 antiquissimis
441 879 625 945 auctoribus
648 880 715 945 sive
739 874 1005 965 historiographis
1027 875 1138 941 decem
1160 884 1195 940 et
1216 885 1292 941 octo

191 981 289 1047 libros
318 983 522 1069 conscripsit,
553 983 698 1049 Francos
725 1003 841 1070 genere
870 979 1028 1044 Troianos
1055 1002 1125 1045 esse
1153 979 1293 1045 breviter

192 1084 429 1151 ostendemus“·

279 1187 325 1252 Et
353 1212 427 1276 pag.
450 1191 502 1258 23.
531 1189 639 1255 initio:
671 1189 793 1272 „Porro
822 1197 902 1273 quot
929 1187 1023 1254 huius
1049 1187 1154 1274 gentis
1175 1186 1293 1252 fuerint

192 1290 299 1378 Reges
327 1315 348 1356 a
374 1293 478 1377 primo
506 1293 604 1377 duce,
633 1315 706 1358 cum
737 1315 800 1377 quo
828 1293 973 1357 exierunt
994 1315 1015 1356 a
1036 1291 1152 1374 Troia„
1181 1291 1292 1376 primis

191 1394 368 1459 Hunibaldi
397 1418 454 1461 sex
479 1395 569 1462 libris
597 1419 617 1460 a
638 1394 834 1464 Wasthaldo
858 1396 1049 1480 conscriptis
1069 1394 1222 1478 habetur,
1252 1392 1292 1458 de

192 1497 308 1582 quibus
335 1521 395 1564 nos
422 1498 484 1564 hac
512 1499 583 1564 vioe
610 1523 675 1564 uon
703 1499 959 1581 intromittimus,
987 1498 1062 1581 quia
1090 1497 1235 1563 codicem
1260 1498 1292 1561 in

194 1599 369 1686 Spanheim
398 1601 563 1668 dimissum
591 1601 634 1667 ad
655 1625 784 1667 manum
806 1597 871 1666 non
893 1601 1078 1667 babemus“.
1124 1600 1192 1669 Sed
1213 1600 1292 1665 haec

192 1705 300 1769 omnia
320 1704 400 1769 nihil
422 1715 496 1771 sunt
516 1706 578 1770 nisi
598 1727 705 1772 merae
733 1728 838 1793 nugae
860 1714 893 1769 et
912 1706 1076 1787 fictiones,
1103 1726 1207 1788 neque
1228 1704 1292 1769 ulla

192 1806 255 1871 fide
279 1806 394 1895 dignus
417 1821 466 1874 est
487 1808 700 1897 Trithemins„
727 1809 783 1893 qui
804 1797 960 1874 multa'in
980 1808 1062 1874 libro
1085 1830 1142 1873 suo
1165 1830 1291 1872 enarra-

192 1910 240 1974 vit
260 1934 343 1996 quae
366 1912 453 1978 credi
475 1914 561 1978 nullo
584 1912 680 1978 modo
702 1921 847 1998 possunt

280 2015 329 2080 At
356 2038 432 2081 vero
462 2014 502 2081 de
524 2015 646 2103 origine
669 2015 775 2101 gentis
797 2015 930 2081 eandem
952 2015 1018 2080 fere
1039 2015 1180 2080 fabulam
1202 2014 1292 2079 exhi·

191 2118 270 2182 bent
293 2118 510 2201 „Francorum
534 2119 660 2205 Regum
683 2116 806 2184 Gesta“
819 2121 898 2202 ⁵¹²),
924 2140 1006 2202 quae
1027 2117 1071 2183 ad
1092 2142 1210 2184 annum
1231 2120 1292 2184 cir-

193 2221 273 2286 citer
295 2223 369 2290 730.
394 2223 587 2308 conscripta„
609 2221 643 2284 in
663 2220 749 2285 hunc
771 2221 901 2285 modum
923 2220 1089 2287 exordium
1110 2222 1248 2287 faciunt:

160 2344 163 2351 ·
282 2324 499 2408 „Principium
514 2324 714 2389 Francorum
733 2324 838 2410 gentis
860 2332 893 2387 et
914 2324 1086 2412 originem,
1108 2326 1160 2390 vel
1178 2348 1290 2413 regum

195 2436 307 2515 „gesta
321 2429 528 2513 proferamus.
558 2427 621 2492 Est
632 2427 741 2511 itaque
756 2427 791 2490 in
805 2426 887 2491 Asia
901 2428 1054 2514 oppidum
1068 2428 1291 2511 Troianorum,

195 2533 270 2614 „ubi
292 2540 341 2598 est
364 2533 477 2596 civitas
497 2553 579 2615 quae
593 2530 688 2594 Ilium
704 2529 831 2612 dicitur,
851 2529 906 2594 ubi
920 2532 1067 2619 regnavit
1080 2555 1137 2598 rex
1152 2535 1290 2599 Aeneas.

195 2633 306 2717 „Gens
328 2635 382 2700 illa
403 2634 496 2700 fortis
519 2645 552 2698 et
573 2633 690 2716 valida„
713 2633 774 2697 viri
795 2632 965 2699 bellatores
984 2642 1081 2719 atque
1097 2636 1231 2702 rebelles
1243 2636 1292 2700 ni-

195 2739 291 2821 „mis,
319 2738 460 2822 inquieta
489 2737 663 2802 certamina
690 2735 912 2824 obiurgantes„
940 2760 998 2822 per
1019 2761 1135 2824 gyrum
1156 2738 1292 2804 finitima

194 2841 418 2924 „debellantes
452 2839 666 2907 Surrexerunt
687 2847 795 2904 autem
817 2862 909 2927 reges
924 2837 1124 2907 Graecorum
1138 2841 1292 2907 adversus

195 2946 359 3027 „Aeneam
382 2967 490 3032 regem
512 2943 724 3008 Troianorum
753 2966 825 3009 cum
854 2944 955 3009 multo
981 2945 1140 3010 exercitu:
1168 2968 1291 3032 pugna·

194 3055 390 3131 „veruntque
413 3058 525 3113 contra
547 3070 620 3113 eum
642 3046 740 3112 caede
762 3071 888 3134 magna
920 3045 1113 3133 Cormitque
1134 3048 1181 3114 ibi
1202 3072 1291 3114 erer-

194 3151 298 3234 „citns
320 3152 476 3217 maximus
499 3150 720 3215 Troianorum.
758 3150 858 3238 Fugit
880 3157 986 3215 autem
1008 3152 1136 3218 Aeneas
1156 3175 1231 3236 rex,
1260 3161 1292 3218 et

195 3256 346 3338 „reclusit
367 3278 401 3320 se
423 3256 455 3319 in
480 3254 610 3318 civitate
631 3254 736 3320 Ilium.
780 3254 1011 3341 Pugnaverunt
1032 3255 1117 3319 enim
1138 3255 1291 3322 adversus

194 3358 297 3442 „hanc
320 3357 482 3423 civitatem
505 3357 595 3423 annis
618 3358 737 3424 decem.
783 3357 876 3422 Tunc
901 3357 972 3444 ipsa
994 3359 1125 3424 civitate
1146 3359 1291 3443 subacta,

195 3462 298 3547 „fugit
319 3463 447 3526 Aeneas
464 3484 521 3526 rex
543 3483 617 3526 cum
641 3460 754 3526 ceteris
776 3460 854 3525 viris
876 3460 942 3525 suis
964 3461 997 3524 in
1018 3461 1161 3546 Italiam,
1182 3463 1291 3529 locare

194 3572 333 3650 „gentes
349 3564 436 3648 illas,
464 3572 502 3630 ut
524 3564 553 3629 ei
576 3565 727 3630 auxilium
749 3564 876 3628 ferrent.
922 3563 990 3628 Alii
1012 3573 1118 3630 autem
1140 3564 1180 3630 de
1202 3566 1290 3652 prin·

194 3668 340 3754 „cipibus
362 3671 440 3752 eius,
462 3668 610 3732 Priamus
632 3675 666 3731 et
679 3668 835 3749 Antenor„
858 3688 932 3731 cum
954 3667 1024 3733 aliis
1039 3667 1115 3733 uiris
1137 3667 1178 3735 de
1200 3691 1290 3736 exer-

194 3771 280 3854 „citu
302 3772 514 3838 Troianorum
542 3768 712 3834 duodecim
739 3770 837 3835 millia
865 3771 1016 3858 fugerunt
1044 3794 1117 3836 cum
1143 3774 1289 3841 navibus.

196 3873 282 3956 „Qui
304 3877 501 3940 introeuntes
524 3872 610 3958 ripas
625 3873 745 3939 Tanais
767 3873 905 3940 fluminis
923 3896 981 3960 per
995 3873 1178 3940 Moeotidas
1200 3877 1290 3961 palu-

264 4122 332 4184 512)
352 4126 419 4187 apud
441 4125 476 4172 Μ,
495 4125 626 4186 Bouquet‚
650 4127 754 4176 Reoueil
776 4127 821 4176 des
844 4127 980 4176 historiens
998 4127 1042 4176 dos
1061 4126 1154 4176 Gaulos
1173 4078 1200 4178 el
1216 4128 1249 4178 do
1266 4129 1290 4178 la

192 4214 295 4262 Franoc.
323 4218 384 4260 tom.
397 4211 429 4260 11.
457 4210 535 4260 Paris.
558 4209 632 4260 1739.
663 4212 707 4261 fol.
738 4226 795 4275 pag.
809 4209 868 4261 542.
1179 4214 1183 4221 '
