2752 4844
672 378 734 447 130

151 554 343 640 scriptorum
365 553 548 619 monasterii
571 549 604 620 S.
624 552 714 618 Petri
737 552 1001 642 Salisburgensis‚
1024 557 1153 622 saeculo
1177 555 1254 622 duo·

154 657 277 723 decimo
300 666 435 723 exeunte
458 667 606 738 exarato,
635 657 690 741 qui
718 656 899 723 continetur
923 658 957 721 in
981 658 1124 725 eiusdem
1146 682 1255 726 mona-

153 761 241 827 sterii
264 759 374 825 codice
398 760 512 848 signat.
528 759 598 842 lx,
628 759 660 827 3:
687 761 720 824 in
742 759 795 824 fol.
825 782 907 826 saco.
923 760 1005 826 XII.
1018 761 1072 848 ³¹⁰)
1118 761 1173 827 Ex
1195 762 1254 829 hoc

153 863 235 929 libro
265 863 445 952 catalogum
482 862 651 949 descripsit
678 863 720 929 V.
749 860 799 928 Ol.
825 861 1005 930 Guilelmus
1033 864 1254 932 Wattenbach

150 967 271 1033 Philos.
295 966 355 1032 Dr.

238 1124 291 1192 43.
339 1120 433 1216 Οοὰ.
466 1120 632 1188 Claudii
661 1120 869 1207 Salmasii,
901 1146 995 1210 quem
1024 1123 1064 1190 ab
1094 1122 1253 1192 Salmasio

151 1228 277 1314 accepit
291 1225 453 1291 Martinus
468 1224 627 1312 Opitzius.
661 1226 715 1291 Ita
736 1227 971 1318 errimlille³¹¹):
1001 1225 1079 1310 „Sic
1093 1228 1253 1295 Aethicus

150 1330 227 1398 MS.
245 1331 389 1396 diversus
411 1330 617 1396 multifariam
639 1329 680 1394 ab
701 1329 787 1411 edito
807 1330 972 1414 hactenus,
996 1331 1086 1396 cuius
1101 1332 1182 1397 mihi
1201 1355 1251 1398 co-

144 1435 237 1520 piam
258 1435 337 1501 fecit
351 1431 400 1498 Ol.
418 1431 604 1518 Salmasius,
626 1456 800 1519 numquam
821 1434 890 1500 sine
907 1433 1027 1500 honore
1043 1430 1230 1501 dicendast

237 1537 472 1625 Apographum
496 1545 575 1621 erat,
597 1545 633 1602 ut
649 1536 787 1619 videtur,
812 1536 932 1602 codicis
947 1538 1137 1604 Parisiensis
1153 1540 1250 1607 4871.

153 1640 260 1725 (antea
274 1641 432 1728 Thuanei)
456 1662 540 1706 saec.
556 1640 622 1725 XL'
642 1664 716 1705 nam
738 1641 771 1704 in
786 1638 1080 1707 Exercitationibus
1095 1641 1251 1707 Plinianis

147 1769 223 1832 pag.
241 1746 315 1814 770.-
340 1743 530 1812 Salmasius:
564 1743 741 1827 „Aethicus
764 1742 843 1807 alius
866 1751 925 1826 est,
947 1744 1111 1810 Histricus
1133 1743 1251 1830 Sophi-

86 1881 89 1888 ·
149 1856 209 1930 sta,
233 1868 327 1932 quem
350 1845 534 1913 deGraeco
557 1845 746 1912 translatum
769 1844 810 1913 ab
831 1845 1031 1934 Hieronymo
1054 1857 1087 1912 et
1109 1847 1249 1913 nondum

149 1950 270 2016 editum
292 1958 386 2016 vetus
407 1950 493 2042 idern
515 1950 596 2016 liber
617 1949 714 2014 habet
737 1972 777 2014 ex
798 1948 1003 2016 Bibliotheca
1020 1950 1228 2016 Thuanaea“.

235 2107 289 2172 44.
336 2103 432 2170 Cod.
463 2100 750 2169 Bibliothecae
777 2102 990 2170 Ecclesiae
1019 2101 1248 2170 Cathcdra-

147 2208 197 2272 lis
220 2207 452 2295 Sarum³¹²)‚
476 2208 620 2293 signatus
642 2207 691 2288 A,
715 2207 808 2290 930,
831 2210 864 2293 4.

233 2312 336 2380 Inest:
362 2310 519 2395 „Ethicus
540 2306 787 2393 Philosophus“.

235 2414 301 2481 Cfr.
326 2417 462 2502 catalog.
485 2411 638 2477 librorum
660 2415 948 2499 manuscriptorum
971 2414 1110 2500 Angliae
1133 2422 1167 2479 et
1189 2415 1247 2480 Hi-

147 2518 277 2586 berniae
299 2521 333 2585 in
353 2541 452 2584 unum
468 2515 598 2581 collect.
623 2537 696 2581 cum
718 2515 825 2583 indice
847 2516 1057 2603 alphabetico.
1100 2515 1246 2584 Oxoniae

150 2623 244 2692 1697.
268 2624 302 2688 in
324 2622 378 2687 fol.
401 2630 478 2686 tom.
494 2618 541 2703 Π,
563 2643 637 2708 pag.
655 2620 757 2688 23.A.

232 2830 325 2896 Haec
348 2839 432 2912 sunt,
456 2852 539 2914 quae
561 2829 601 2895 de
623 2831 713 2898 libris
730 2827 957 2916 manuscriptis
973 2825 1245 2917 Cosmographiae

145 2933 383 3022 indagavimus3
414 2956 513 3017 quum
536 2934 619 2999 enim
643 2935 683 3000 de
704 2935 799 3021 longe
821 2932 935 2997 maiori
957 2953 1067 2997 eorum
1084 2942 1177 3018 parte
1200 2935 1244 2998 ni·

145 3037 191 3102 hil
218 3037 285 3101 fere
312 3036 375 3101 nisi
400 3034 516 3103 nomen
545 3039 652 3124 ipsum
679 3037 721 3102 ad
742 3058 801 3101 nos
823 3035 1020 3122 pervenerit,
1052 3037 1132 3101 certi
1154 3038 1244 3123 quid-

145 3162 241 3224 quam
270 3139 310 3205 de
340 3140 486 3206 codicum
513 3150 629 3207 natura
658 3148 690 3205 et
718 3163 782 3225 qua
810 3139 973 3206 coniuncti
994 3148 1069 3206 sunt
1091 3141 1243 3208 affinitate

144 3229 310 3327 hucusque
332 3243 490 3309 affirmare
512 3266 577 3308 non
598 3263 776 3327 possumus.

234 3342 344 3428 Quare
366 3347 417 3412 his
440 3355 473 3412 et
494 3345 612 3411 talibus
634 3345 667 3408 in
689 3354 853 3431 posterum
869 3345 976 3412 dilatis
997 3347 1061 3411 iam
1084 3345 1126 3410 ad
1149 3349 1242 3413 aliam

145 3447 370 3534 disputationis
391 3458 516 3537 partem
538 3456 747 3531 transeamus,
769 3449 803 3513 in
826 3472 890 3534 qua
912 3449 952 3515 de
970 3446 1242 3536 cosmographiae

143 3550 254 3620 Ethici
275 3555 448 3641 interprete
469 3551 668 3639 Hieronymo
692 3551 850 3639 agendum
873 3552 942 3618 erit.

216 3737 283 3802 310)
303 3740 349 3791 csr.
367 3740 449 3800 Perta,
467 3738 563 3789 Archiv
581 3748 628 3791 etc.
647 3734 713 3791 tona*
721 3741 754 3802 X,
772 3755 830 3804 pag.
844 3736 903 3788 616.
916 3739 969 3788 init

215 3823 281 3884 311)
301 3827 333 3875 ad
351 3826 507 3890 Rhythmum
530 3827 562 3876 de
579 3825 606 3877 S.
618 3826 729 3877 Annone
750 3823 806 3875 Col.
818 3822 1020 3890 Archiepiscopo
1037 3826 1139 3890 saepius
1157 3827 1240 3878 landa-

143 3920 196 3964 tum
214 3911 341 3973 (Dentisci
361 3908 436 3960 1639.
456 3906 510 3973 8⁰.)
529 3927 586 3977 pag.
599 3910 642 3961 41.

214 3991 282 4057 312)
300 3996 377 4046 hodie
395 3996 558 4064 „Salisbnry“
577 3999 603 4048 in
621 3995 759 4047 Britannia.

591 4175 790 4204 ..Q—-
