2752 4844
729 403 793 471 152

210 579 340 662 insulas,
362 577 538 671 Cassiopas
558 586 592 642 et
607 575 812 660 Liburnicas,
834 575 1060 642 vicinarum
1083 597 1242 642 suarum
1264 599 1313 640 re-

210 683 404 772 petendum“
428 690 490 749 etc.
534 680 619 747 Ibid.
642 682 748 749 v.11:
782 680 1069 764 „Lacedaemonia
1090 679 1260 744 Pannonia
1281 687 1314 744 et

210 787 371 852 Histria
398 793 473 872 post
502 784 738 851 celeberrimam
760 782 934 850 Graeciam
962 783 1122 848 suarum
1143 805 1314 870 gencra-

212 877 365 967 tionum
387 897 575 975 repetens
598 888 664 953 ait“
688 896 749 954 etc.
783 886 909 953 Ibidem
923 910 953 951 v.
973 886 1028 954 16:
1054 884 1226 968 „Quantae
1248 886 1313 951 cla·

211 993 268 1058 des
289 993 323 1056 in
336 992 605 1075 Lacedaemonia,
627 990 750 1056 Norico
773 998 806 1056 et
820 989 998 1072 Pannonia,
1020 989 1183 1072 Histria
1205 997 1240 1054 et
1253 990 1313 1056 Al-

210 1095 322 1179 bania,
348 1097 511 1161 vicinae
532 1117 641 1161 meae
661 1093 1043 1180 septentrionalium
1064 1092 1254 1179 regiones
1269 1101 1311 1158 .“.’.

211 1222 285 1264 curn
313 1199 422 1264 taedio
450 1199 556 1269 cordis
585 1197 647 1263 mei
675 1206 817 1285 stragem
839 1197 997 1262 sobolis
1020 1195 1095 1261 mei
1116 1216 1217 1282 cogor
1230 1219 1313 1283 ¹pro-

209 1303 350 1388 palare“.
395 1301 477 1388 Pag.
494 1303 571 1384 534,
589 1305 631 1369 7:
668 1299 785 1383 „Quid
807 1300 968 1375 soboles
990 1299 1183 1388 ignaviae
1204 1321 1313 1365 meae

154 1468 156 1473 .
210 1407 362 1480 meruerit
382 1428 447 1471 non
468 1405 739 1492 praetermittam,
753 1409 861 1488 'quum
883 1427 922 1469 eo
943 1412 1088 1489 tempore
1110 1402 1312 1488 captivati

211 1509 257 1574 ab
279 1509 443 1576 Histria
465 1505 640 1593 Cassiopas
661 1507 781 1586 insulas
802 1509 1023 1594 pervenerint,
1133 1514 1313 1590 eiusque

209 1613 250 1675 in
278 1610 380 1677 diem
408 1611 648 1677 nativitatis
676 1633 787 1677 meae
816 1613 904 1677 culta
930 1633 1013 1696 quae
1040 1609 1160 1677 dudum
1186 1609 1313 1675 firerant

208 1716 243 1781 in
264 1712 469 1782 solitudinem
490 1713 623 1780 redacta
644 1717 750 1781 sunt“.

296 1831 351 1897 Ex
365 1830 422 1896 his
443 1829 542 1918 igitur
563 1830 643 1898 locis
658 1831 720 1898 etsi
734 1831 768 1894 in
779 1831 969 1916 ,Histria³⁴⁸)
986 1838 1092 1896 ortum
1106 1829 1204 1896 fuisse
1218 1828 1311 1895 Ethi-

209 1957 283 2002 cum
305 1935 383 2011 satis
406 1942 550 2022 apparet,
571 1943 679 2000 tarnen
700 1933 788 2000 haud
809 1933 856 2000 ita
876 1934 1081 2023 perspicuum
1102 1942 1162 2017 est,
1184 1933 1311 1999 cuinam

209 2039 410 2126 potissimum
428 2039 553 2103 nationi
567 2061 640 2104 eum
658 2039 865 2125 assignemus.
894 2038 1024 2104 Etenim
1042 2060 1139 2123 quum
1158 2036 1311 2123 antiquis·

209 2143 298 2208 simis
319 2140 518 2227 temporibus
542 2148 612 2207 turn
639 2141 774 2208 saeculis
802 2150 876 2227 post
897 2139 1063 2208 Christum
1091 2148 1210 2206 natum«
1225 2142 1310 2229 prio·

208 2245 297 2312 ribus
320 2245 459 2329 quinque
480 2245 571 2331 regio
599 2245 654 2310 illa
683 2246 825 2332 gentium
845 2244 1054 2310 barbararum
1075 2244 1310 2310 incursionibus

209 2348 337 2433 saepius
351 2346 538 2430 vexabatur,
554 2348 674 2434 quippe
689 2370 770 2432 quae
784 2370 849 2413 non
863 2348 966 2413 solum
976 2348 1161 2413 Pannoniae
1175 2348 1311 2414 finitima

208 2458 309 2532 esset,
335 2473 448 2516 verum
470 2452 567 2516 etiam
589 2450 631 2518 ad
651 2451 784 2516 Italicas
804 2451 987 2536 provincias
1008 2451 1220 2518 fertilissima
1242 2452 1310 2517 adi·

209 2562 278 2648 tum
299 2554 486 2621 facillimum
507 2555 685 2640 praeberet.
724 2553 834 2636 Quare
849 2554 1046 2636 factumest,
1067 2562 1105 2618 ut
1125 2555 1159 2620 in
1181 2553 1244 2621 hac
1262 2555 1310 2620 di·

207 2656 461 2723 versissimorum
482 2658 674 2745 populorum
696 2680 792 2723 arena
815 2659 906 2743 quasi
923 2666 956 2723 et
969 2659 1130 2743 palaestra
1144 2658 1215 2724 aliis
1229 2667 1310 2724 tem·

206 2759 339 2845 poribus
366 2761 511 2826 nationes
538 2761 619 2826 aliae
648 2759 740 2826 sedes
768 2761 977 2826 collocarent:
1010 2760 1147 2826 Liburni
1175 2761 1309 2845 scilicet,

206 2861 327 2948 Illyrii,
350 2859 455 2946 Galli,
477 2861 661 2948 Sarmatae,
682 2864 836 2950 Iazyges,
853 2861 1026 2947 Germani,
1048 2862 1190 2951 Scythae
1214 2873 1310 2950 atque

208 2964 327 3032 Sclavi.
366 2963 419 3029 De
439 2964 491 3031 his
512 2975 618 3032 autern
641 2966 789 3054 gentibus
811 2974 845 3031 et
866 2989 977 3033 corum
997 2968 1092 3033 factis
1114 2968 1194 3044 certi
1217 2968 1310 3053 quid·

207 3091 303 3154 quam
326 3068 519 3136 constituere
542 3093 580 3136 eo
603 3069 764 3135 difficilius
776 3076 851 3153 est,
881 3094 945 3156 quo
971 3072 1075 3159 magis
1098 3071 1139 3137 ab
1161 3071 1309 3138 omnibus

205 3173 271 3238 fere
299 3180 443 3238 ueterum
473 3172 682 3260 scriptoribus
711 3171 930 3239 incredibilem
957 3175 992 3239 in
1020 3174 1151 3240 modum
1176 3177 1308 3242 confim-

206 3275 325 3340 duntur
335 3277 409 3359 849);
440 3297 556 3362 operae
583 3283 691 3340 tamen
712 3275 851 3360 pretium
874 3271 934 3342 erit
955 3277 1148 3363 periclitari,
1174 3279 1202 3345 si
1223 3281 1308 3347 forte

204 3367 358 3468 indagare
378 3401 549 3465 possumus
571 3401 612 3444 ex
634 3400 772 3462 quanam
790 3381 989 3465 superiorum
1004 3382 1198 3469 processisse
1212 3381 1308 3449 Ethi-

205 3506 263 3554 cus
284 3482 438 3549 dicendus
461 3481 504 3546 sit
514 3483 582 3564 ⁸⁶⁰).
1132 3474 1139 3482 ”
1199 3490 1202 3501 “

273 3739 342 3806 348)
360 3743 518 3796 Provinciam
534 3747 647 3811 intellige
660 3761 725 3810 eam,
745 3763 809 3812 quae
821 3749 943 3800 Venetiae
960 3753 1026 3804 inter
1044 3759 1070 3803 et
1080 3752 1240 3803 Pannoniam
1259 3753 1307 3812 sita

203 3837 255 3892 est;
278 3829 324 3879 cfr.
341 3829 460 3881 Ethicum
478 3847 536 3896 pag.
549 3831 614 3895 491,
638 3849 661 3884 v.
674 3830 721 3896 263
749 3834 814 3897 511,
833 3852 856 3884 v.
872 3831 920 3896 133·
945 3835 1010 3898 5³2,
1028 3853 1051 3887 v.
1067 3837 1096 3887 ll
1118 3845 1143 3888 et
1163 3837 1203 3888 16.

272 3929 339 3994 349)
359 3933 404 3983 cfr.
422 3934 453 3983 B.
467 3933 498 3986 G.
510 3935 631 3998 Niebuhr,
650 3935 774 4001 Vortrtgc
792 3929 861 3988 iiber,
873 3938 923 3987 alte
941 3937 1054 3988 Ltnder·
1073 3955 1097 3988 u.
1113 3939 1305 4002 lekerknnda

202 4018 408 4082 herausgegeben
425 4036 475 4071 von
492 4022 527 4072 M.
545 4022 616 4072 Isler.
653 4022 741 4072 Berlin
762 4021 839 4084 1851,
857 4017 894 4072 8⁰.
929 4038 988 4087 pag.
1002 4022 1081 4099 302„

272 4116 339 4182 ³50)
359 4096 477 4172 lithicum
496 4121 563 4171 enim
580 4121 752 4174 Romanum
775 4139 827 4175 non
851 4125 930 4175 fuisse
948 4138 1027 4187 quum
1044 4128 1096 4177 iam
1114 4141 1145 4177 ca
1163 4141 1196 4177 cx
1214 4143 1242 4178 re
1260 4145 1305 4193 pa·

200 4210 264 4267 teat,
292 4208 360 4272 qnod
380 4205 607 4272 cosmographiam
624 4221 728 4272 graeca,
749 4225 803 4262 uon
820 4212 910 4272 latina,
933 4210 1020 4276 lingrra
1041 4214 1237 4278 composuit-
1256 4229 1307 4278 qua
