2752 4844
754 407 797 475 42

225 600 323 662 quum
344 577 459 644 librum
483 600 576 646 suum
600 578 672 663 „De
694 601 844 647 mensura
866 579 952 645 orbis
970 582 1094 645 terrae“
1112 601 1206 662 anno,
1229 581 1328 646 11111-

224 680 335 765 detur,
358 682 433 751 825.
456 683 490 747 in
511 681 669 749 Hibernia
691 683 933 769 conscripserit,
957 683 1101 767 sequitur
1122 680 1268 748 codicem
1290 682 1327 748 il-

224 785 288 849 lum
312 781 586 873 Cosmographiae
615 786 734 852 saeculi
762 785 826 851 IX.
855 784 947 875 initio
975 785 1062 850 nullo
1091 785 1188 851 modo
1216 807 1327 851 recen-

223 887 337 952 tiorem
358 887 465 954 fluisse.
509 887 563 954 De
583 895 699 953 natura
721 897 828 953 autem
850 889 1060 974 manuscripti
1081 889 1151 955 eius
1172 888 1247 953 libri
1268 912 1327 955 nos

223 990 376 1056 certiores
397 990 520 1057 facirmt
542 1013 623 1076 quae
646 990 844 1057 laudavimus
860 992 983 1058 Dicuili
1004 991 1153 1057 monachi
1175 1001 1328 1078 excerpta

223 1116 298 1180 pag.
315 1094 368 1162 26.
392 1095 445 1163 33.
470 1094 522 1160 34.
546 1094 600 1162 35.
624 1095 754 1162 3643.
778 1097 831 1162 55.
855 1095 908 1163 56.
932 1095 984 1164 61.
1001 1095 1054 1162 64.
1076 1095 1128 1162 65.
1148 1095 1264 1180 quibus
1287 1119 1328 1162 ex

223 1197 302 1265 locis
325 1197 404 1282 quid
426 1196 534 1284 colligi
556 1197 659 1282 possit
680 1198 745 1261 iam
767 1195 941 1265 videndum
962 1206 1020 1264 est.

311 1302 357 1367 Et
384 1300 487 1387 primo
517 1299 646 1385 quidem
675 1298 964 1389 Cosmographiam
990 1301 1024 1366 in
1052 1301 1164 1367 codice
1192 1325 1251 1367 suo
1280 1303 1327 1368 in-

224 1405 378 1491 scriptam
406 1403 544 1488 invenit,
573 1413 609 1470 ut
637 1403 779 1486 videtur,
806 1404 868 1470 ita:
907 1401 1327 1488 ᾖ111600811106114-

224 1508 348 1574 PHIA.
391 1507 474 1573 Iulio
499 1505 637 1573 Caesare
666 1516 699 1572 et
720 1507 835 1573 Marco
857 1509 1000 1573 Antonio
1032 1508 1239 1574 consulibus“
1264 1518 1325 1575 etc.

172 1680 178 1687 ,
224 1621 295 1677 aut:
336 1609 453 1694 „INQ
482 1607 857 1678 OOSMOGRAPHIA
885 1612 918 1677 A
945 1609 1079 1677 IVLIO
1109 1609 1325 1680 CAESARE

223 1715 283 1779 ET
308 1711 475 1781 MARCO
498 1710 713 1780 ANTONIO
738 1711 863 1782 COSS.
887 1712 1055 1783 FACTA.
1101 1712 1217 1783 Omnis
1239 1716 1326 1783 orbis

224 1821 432 1906 peragratur“
457 1825 519 1883 etc.
533 1817 588 1900 161)

313 1919 407 2004 Quae
434 1945 531 2006 quum
556 1923 603 1989 ita
625 1921 690 1986 sint
711 1931 845 2008 apparet
867 1923 1012 1990 codicem
1035 1921 1194 1990 secundae
1215 1945 1326 1990 recen·

221 2025 322 2091 sionis
344 2026 453 2109 fuisse,
475 2027 588 2091 sinon
611 2022 653 2090 ad
673 2025 827 2091 familiam
848 2027 903 2111 A.,
926 2036 1034 2092 tamen
1057 2035 1144 2092 certe
1165 2028 1327 2113 pertinen·

223 2140 289 2193 tem
312 2128 354 2194 ad
375 2129 450 2195 fam.
467 2129 527 2213 B.,
549 2128 585 2194 id
607 2127 694 2214 quod
717 2131 830 2196 ceteris
853 2130 941 2217 apud
961 2131 1126 2196 Dicuilum
1147 2130 1229 2196 locis
1250 2153 1327 2196 con·

224 2232 379 2297 firmatur.
414 2232 568 2319 Sequitur
588 2231 672 2296 enim
695 2241 808 2298 auctor
828 2240 947 2319 noster,
970 2242 1006 2298 ut
1027 2234 1210 2301 accuratior
1230 2256 1327 2318 quae-

225 2334 300 2400 dam
323 2333 599 2423 Cosmographiae
627 2355 700 2400 cum
722 2334 878 2403 Mensura
906 2337 973 2404 eius
1001 2337 1096 2402 docet
1117 2340 1327 2426 comparatio,

225 2438 399 2504 secundam
428 2438 555 2504 omnino
584 2437 816 2505 recensionem:
844 2442 972 2507 tertiam
1001 2463 1094 2525 vem,
1123 2441 1190 2507 sive
1214 2443 1327 2530 vulga-

224 2551 292 2608 tam
313 2540 622 2623 Pseudo·Aethici‚
650 2541 819 2608 lectionem
847 2545 913 2610 fere
942 2567 1114 2630 nusquam;
1143 2567 1207 2629 qua
1229 2545 1271 2611 de
1292 2570 1326 2612 re

225 2645 419 2711 conferenda
447 2652 522 2709 sunt
550 2667 631 2730 quae
660 2644 700 2710 de
728 2646 805 2714 Nilo
833 2649 932 2715 fluvio
952 2651 1024 2733 ¹¹¹),
1060 2646 1100 2713 de
1127 2647 1241 2716 Malva
1259 2652 1326 2734 ¹¹³),

225 2748 266 2814 de
288 2749 426 2814 Perusta
448 2749 523 2814 solis
545 2749 649 2813 insula
662 2750 728 2833 ¹¹⁴),
751 2753 920 2840 excerpsit
965 2751 1080 2836 Neque
1102 2758 1210 2816 tamen
1231 2752 1327 2820 huius

224 2852 418 2918 recensionis
439 2852 539 2920 libros
559 2852 607 2917 ita
621 2862 772 2938 sequutus
793 2879 862 2922 esse
876 2855 1013 2936 videtur,
1035 2860 1072 2917 ut
1087 2875 1326 2938 nonnumquam

225 2962 281 3019 aut
302 2954 508 3038 paucioribus
530 2957 562 3021 in
587 2956 800 3045 descriptione
820 2959 926 3025 verbis
947 2980 1011 3022 non
1033 2956 1075 3020 sit
1097 2976 1183 3036 usus,
1207 2965 1263 3019 aut
1277 2959 1328 3024 lo-

225 3078 281 3121 cos
304 3057 458 3141 quosdam
480 3083 545 3125 non
568 3063 760 3146 servaverit,
789 3064 845 3149 qui
866 3063 899 3126 in
920 3061 960 3125 iis
982 3059 1094 3125 saltem
1116 3056 1205 3121 libris
1229 3061 1328 3125 omit-

225 3168 336 3226 tuntur
358 3184 492 3247 quorum
515 3165 662 3232 subtilior
685 3166 727 3232 ad
749 3187 808 3230 nos
829 3186 929 3247 usque
951 3160 1066 3226 notitia
1087 3160 1294 3245 peraccessit.

311 3265 434 3334 Verum
463 3270 625 3336 enimvero
652 3292 726 3356 pag.
750 3272 802 3336 55.
834 3266 886 3334 56.
915 3288 998 3349 quae
1024 3264 1065 3329 de
1088 3262 1202 3350 Cypro
1227 3272 1326 3349 atque

226 3367 325 3438 Creta
345 3373 497 3461 legimus,
526 3383 559 3438 et
588 3395 669 3458 quae
697 3371 731 3434 in
754 3366 1009 3454 Cosmographia
1030 3368 1187 3433 invenisse
1202 3389 1244 3465 ¹se
1267 3370 1326 3434 ad·

224 3473 331 3541 firmat
352 3475 477 3543 Dicuil:
509 3476 589 3542 haec
610 3475 644 3538 in
666 3471 779 3535 tertiae
800 3478 926 3536 tantum
949 3471 1142 3538 recensionis
1163 3471 1271 3554 libris,
1293 3483 1326 3538 et

223 3577 256 3641 in
278 3601 317 3645 ea
338 3581 467 3665 quidem
488 3587 581 3666 parte
602 3575 821 3658 inveniuntur,
852 3597 948 3659 quam
974 3575 1168 3662 descriptam
1190 3597 1260 3641 esse
1284 3601 1324 3643 ex

225 3679 342 3750 Orosio
371 3683 539 3753 oredimus
592 3676 702 3760 Quare
730 3678 763 3742 111
791 3678 902 3744 codice
929 3679 1049 3745 Dicuili
1077 3681 1105 3745 81
1131 3679 1325 3766 tripertitam

297 3875 363 3938 161)
382 3876 427 3926 cfr.
446 3876 540 3925 Dicuil.
559 3876 576 3925 l.
589 3891 611 3925 c.
629 3891 686 3939 pag.
701 3875 743 3926 26.
765 3874 831 3942 (cap.
845 3879 889 3928 VI.
903 3877 923 3936 ἓ.
938 3877 961 3927 3.
981 3893 1035 3927 nro.
1049 3875 1085 3939 9.)
1106 3876 1326 3942 „cosmographia

225 3981 289 4028 quae
307 3963 353 4013 sub
371 3961 437 4012 Iulio
456 3961 566 4015 Caesare
584 3972 610 4012 ct
627 3964 714 4013 Marco
732 3964 846 4016 Antonio
865 3966 1010 4015 consulibus
1029 3965 1097 4018 facta
1114 3963 1177 4016 est“.

296 4043 362 4106 162)
380 4047 396 4096 l.
411 4063 431 4097 6.
451 4064 509 4112 pag.
523 4048 564 4099 26.

296 4129 362 4194 163)
381 4134 397 4183 l.
412 4150 432 4184 6.
452 4149 509 4198 pag.
525 4133 565 4185 36.

297 4218 364 4282 164)
382 4223 397 4271 l.
412 4237 433 4271 6.
452 4236 509 4287 pag.
523 4220 564 4275 43.
