2752 4844
628 372 674 438 40

113 588 129 619 .;
189 542 304 610 Codex
324 545 505 630 exscriptus
521 554 572 609 est
591 567 633 610 ex
646 546 791 630 proxime
806 543 1023 624 antecedenti3
1046 546 1116 611 eins
1133 568 1213 630 par·

101 655 168 713 tem
188 647 281 746 uobis
302 649 463 734 excerpsit
482 643 671 714 Ludovicirs
691 647 873 714 Bethmann
888 651 952 732 ¹⁵⁰).

189 853 350 921 Undecim
371 856 471 944 igitur
492 857 547 940 qui
562 855 734 921 secundam
749 857 967 923 recensionem
982 855 1140 924 exhibent
1154 880 1214 925 co-

104 957 192 1024 dices
212 960 433 1045 manuscripti,
456 960 517 1024 etsi
539 959 675 1025 familias
698 961 778 1024 duas
801 960 1010 1043 constituunt,
1033 968 1143 1025 tamen
1167 961 1213 1026 ad

103 1085 200 1128 unum
222 1062 396 1128 reducendi
416 1071 491 1128 sunt
512 1062 740 1150 archetypum,
769 1063 816 1128 ita
836 1072 874 1127 ut
894 1062 976 1127 haec
998 1063 1065 1129 fere
1088 1087 1213 1152 cogna-

102 1164 199 1232 tionis
219 1165 367 1232 videatur
386 1186 456 1232 esse
478 1165 597 1232 tabula.
640 1168 710 1250 (cfr.
733 1167 816 1231 infra
838 1187 912 1254 pag.
928 1168 997 1245 111.)

614 1417 644 1499 §-
669 1417 699 1482 r.

272 1559 416 1620 RELIQVI
432 1560 619 1611 SECVNDAE
637 1559 864 1610 RECENSIONIS
882 1559 1040 1610 conlcns.

194 1692 357 1780 Singulari
386 1692 525 1778 quadam
547 1693 711 1759 Fortunae
739 1695 845 1781 gratia
874 1691 1009 1775 accidit,
1040 1699 1077 1757 ut
1101 1691 1212 1777 (quod

104 1795 223 1862 talibus
243 1798 277 1861 in
298 1796 394 1862 rebus
416 1805 515 1882 caput
536 1801 601 1882 est)
626 1822 666 1863 ne
688 1798 771 1863 ratio
794 1796 922 1882 quidem
944 1795 1000 1860 illa
1021 1794 1055 1859 in
1070 1795 1211 1861 obscuro

104 1900 163 1985 sit,
192 1923 256 1986 qua
283 1924 325 1967 ex
349 1899 490 1967 secunda
511 1903 695 1967 recensione
716 1900 847 1965 tertiam
868 1907 972 1964 ortam
994 1920 1064 1965 esse
1086 1907 1211 1964 statua-

105 2025 189 2070 mus.
240 2003 372 2073 Etenim
400 2002 483 2070 duos
511 2005 745 2091 manuscriptos
767 2004 877 2091 ¹libros
912 2001 1056 2067 extitisse
1084 2011 1211 2068 certum

106 2115 165 2190 est,
188 2108 242 2192 qui
264 2106 436 2172 secundam
459 2106 631 2174 editionem
652 2109 744 2174 utin
767 2106 882 2172 ceteris
904 2105 1032 2191 sequuti
1050 2113 1135 2190 sunt,
1158 2113 1210 2173 ta·

105 2232 179 2275 men
201 2211 264 2277 alio
287 2211 426 2295 quodam
441 2211 529 2277 fonte
543 2213 603 2296 usi,
620 2208 895 2298 cosmographiae
909 2208 987 2274 talia
1002 2209 1068 2274 fere
1084 2207 1210 2275 adiece-

105 2321 191 2397 runt,
213 2314 321 2399 qualia
342 2314 457 2380 tertiae
478 2316 672 2382 recensionis
690 2313 827 2395 codices,
851 2335 889 2378 ac
912 2312 940 2378 si
961 2336 1056 2380 verae
1072 2310 1210 2379 Cosmo·

105 2416 259 2504 graphice
281 2427 388 2485 essent
408 2428 528 2505 partes,
551 2428 769 2506 susceperunt.

193 2519 256 2587 Est
284 2530 390 2588 autem
419 2523 513 2588 nobis
534 2546 586 2589 res
609 2545 682 2588 cum
705 2529 813 2589 vetere
834 2520 889 2586 illo
910 2520 993 2586 libro
1016 2544 1111 2606 quem
1135 2529 1210 2585 ante

106 2610 216 2690 oculos
245 2626 407 2710 quondam
434 2627 549 2693 habuit
570 2626 718 2692 Diouilus
740 2624 933 2706 monachus,
962 2625 1019 2708 qui
1039 2624 1210 2689 nonnullos

106 2727 203 2793 etiam
224 2727 312 2794 locos
335 2731 403 2796 eius
426 2732 515 2818 operi
538 2754 596 2796 suo
618 2729 811 2794 verbotenus
829 2728 977 2807 inseruit3
1001 2725 1116 2792 deinde
1132 2751 1209 2791 vero

106 2829 275 2897 dicendum
298 2834 359 2898 erit
381 2835 421 2900 de
445 2835 556 2900 codice
578 2833 726 2898 Romano
749 2828 978 2910 Casanatense‚
1001 2829 1091 2894 ouius
1114 2851 1210 2894 accu-

106 2935 255 3002 ratiorem
278 2939 493 3024 cognitionem
513 2935 600 3004 Iud.
618 2933 822 3000 Betbmenno
845 2930 1006 2998 debemus.
1054 2959 1057 2963 >

644 3129 672 3192 I.

195 3251 328 3318 Codex
342 3252 502 3317 Diouili
525 3251 565 3314 de
588 3270 651 3332 quo
673 3247 743 3330 ipse
758 3267 829 3329 cap.
845 3243 905 3308 VI.
922 3245 954 3328 ξ.
971 3243 1083 3325 9.¹⁶⁰):
1109 3241 1209 3322 „Bre-

106 3355 177 3422 vius
205 3356 246 3420 de
271 3352 478 3438 sequentibus
499 3350 605 3415 fluviis
627 3372 668 3414 ex
691 3346 947 3435 Cosmographia
968 3353 1094 3410 tantum
1115 3367 1208 3429 pree-

106 3456 205 3541 dicta,
231 3478 334 3543 nuper
353 3456 387 3518 in
409 3475 498 3519 meas
519 3475 632 3518 manus
653 3452 817 3536 veniente,
841 3453 1059 3536 excerpetur“.
1099 3445 1209 3530 Quare

108 3595 305 3608 —ss-ae——n—o-

177 3661 245 3726 159)
262 3666 334 3715 Idem
351 3665 460 3714 fortasse
478 3666 561 3715 codex
578 3674 617 3715 est
628 3695 663 3705 -
674 3667 724 3717 nisi
741 3666 808 3715 sorte
824 3666 932 3715 Polatin.
953 3661 1019 3713 1357
1039 3661 1117 3711 fuisse
1135 3668 1210 3725 putus

106 3778 141 3791 -··
158 3751 231 3801 cuius
251 3752 426 3816 apographum
449 3767 477 3802 se
498 3752 592 3803 hebere
610 3753 697 3802 scribit
713 3753 797 3803 Lucas
815 3751 962 3802 Holstenius
979 3764 1047 3799 unno
1068 3745 1143 3797 1617.
1162 3746 1208 3796 cfr.
1268 3757 1270 3761 '

105 3834 134 3884 P·
152 3837 283 3889 Lembecii
301 3838 344 3889 lib.
358 3838 402 3889 VI.
421 3839 453 3889 de
470 3839 537 3889 Bibl.
558 3837 659 3893 Caesar.
678 3841 746 3904 apud
766 3839 921 3901 Gronovium
939 3837 956 3886 l.
975 3851 997 3886 o.
1016 3849 1074 3899 pag.
1088 3830 1147 3882 690.

177 3938 244 4003 160)
264 3941 309 3992 cfr.
322 3940 482 3990 Recherches
500 3941 702 4004 geographiques
721 3950 747 3990 et
764 3942 883 4004 critiques
902 3955 945 3988 sur
957 3936 981 3987 le
993 3938 1055 3986 livre
1068 3936 1124 3994 „De
1136 3935 1210 3984 Mon·

106 4042 164 4077 sura
187 4030 255 4079 orbis
278 4027 377 4078 terroe“
400 4030 519 4092 compost
542 4043 574 4077 on
596 4029 710 4088 Irlonde,
735 4043 768 4076 ou
791 4031 1009 4076 commencement
1026 4023 1059 4071 du
1078 4022 1210 4072 neurieme

106 4112 190 4176 siecle,
202 4107 254 4179 'par
265 4116 363 4176 Dicuib
383 4116 445 4165 suivi
465 4117 499 4165 du
516 4123 585 4165 texte
604 4114 708 4165 restitue
725 4129 772 4184 por
784 4114 816 4162 A.
829 4114 966 4162 Letronne.
990 4110 1061 4160 Paris
1077 4107 1153 4157 1811.
1171 4103 1210 4156 8⁰.

105 4215 161 4264 pag.
176 4199 219 4252 3³.
