2752 4844
665 424 708 488 75

136 596 210 678 erit,
224 594 363 660 volvisse
382 594 454 658 illos
475 595 562 660 viros
583 594 700 660 librum
721 597 789 660 fere
810 595 966 660 eiusmodi
988 596 1098 680 quales
1119 597 1143 660 ii
1165 605 1240 661 sunt

136 698 317 783 dequibus
337 697 421 762 infra
442 696 687 785 disputabimus·
724 698 810 764 Illud
832 721 959 784 quoque
985 699 1161 765 notandum
1189 709 1240 765 est

136 804 244 888 oeqni,
272 812 310 866 ut
338 802 464 867 decimo
490 803 554 867 iam
577 803 705 868 saeculo
728 826 866 868 errorem
888 803 985 867 istum
1014 812 1120 868 ortum
1141 804 1240 869 firisse

137 905 362 989 concedamus,
385 907 440 990 qui
462 907 578 971 deinde
599 907 727 971 codices
742 908 909 972 nonnullos
923 905 1123 971 deformavit
1156 907 1241 972 For-

136 1021 224 1075 tasse
245 1018 353 1074 antem
373 1009 461 1074 idem
482 1034 571 1076 error
592 1033 633 1075 ex
654 1011 726 1097 ipso
748 1009 913 1075 Flodardo
934 1018 1030 1075 natus
1052 1019 1112 1092 est,
1134 1010 1181 1073 ita
1202 1019 1240 1073 ut

136 1113 312 1179 monachos
340 1113 396 1197 qui
421 1112 497 1177 Iulii
518 1113 656 1178 Honorii
677 1112 965 1200 Cosmographiam
992 1113 1027 1177 in
1048 1111 1160 1178 Gallia
1183 1113 1240 1178 de-

137 1217 334 1303 scripserunt
361 1225 395 1280 et
422 1217 477 1300 qui
505 1214 672 1282 historiam
701 1217 951 1282 ecclesiasticam
973 1215 1150 1282 Flodoardi
1171 1217 1241 1281 sine

138 1320 237 1387 dubio
257 1321 413 1408 legerant,
435 1321 627 1384 auctoritate
648 1321 723 1386 talis
744 1320 806 1384 viri
827 1329 991 1405 permotos
1006 1321 1106 1384 fnisse
1127 1319 1240 1384 creda·
1317 1384 1328 1405 ς

136 1447 224 1506 mus,
251 1432 290 1489 ut
312 1421 601 1510 Cosmographiam
622 1423 742 1489 Ethioo
770 1424 989 1488 inscriberent.
1036 1421 1144 1505 Quam
1170 1447 1239 1488 rem

136 1529 184 1593 ita
210 1528 330 1592 factam
355 1549 426 1592 esse
455 1550 493 1592 eo
520 1528 647 1592 facilius
676 1527 921 1612 persuademur,
954 1527 1042 1611 quod
1070 1550 1110 1592 ex
1136 1525 1240 1591 tribus

136 1631 231 1696 buius
252 1632 378 1718 generis
399 1630 565 1696 codicibus
590 1630 655 1696 duo
678 1631 793 1696 saltem
814 1631 849 1696 in
872 1629 982 1696 Gallia
1003 1630 1127 1694 exarati
1148 1638 1237 1695 sunt:

135 1736 250 1800 tertius
271 1758 358 1816 vero,
380 1733 488 1798 Isaaci
501 1734 612 1800 Vossii
633 1733 796 1818 quondam
814 1736 968 1823 anglicus,
989 1734 1024 1798 in
1037 1734 1240 1798 Britanniam

135 1839 271 1904 forsitan
293 1861 333 1901 ex
355 1835 466 1902 Gallia
487 1839 563 1901 olim
584 1837 697 1901 eodem
718 1836 815 1902 modo
838 1849 888 1903 est
910 1838 1083 1920 deductae,
1111 1860 1176 1922 quo
1198 1860 1240 1902 ex

136 1941 259 2027 Anglia
278 1948 393 2026 postea
414 1938 610 2026 Lugdunum
631 1940 829 2004 Batavorum
851 1942 948 2005 venit.

226 2041 311 2111 Sunt
327 2042 438 2129 igitur,
459 2042 636 2126 dequibus
656 2043 793 2130 agimus,
815 2043 890 2108 libri
909 2044 1119 2128 manuscripti
1138 2044 1184 2108 bi.

228 2148 257 2214 1.
295 2143 392 2211 cod.
406 2145 655 2213 Parisiensis
677 2147 795 2215 4808.
817 2148 893 2213 olim
910 2148 1162 2230 Moissiacensis,
1185 2148 1239 2213 de-

136 2249 212 2316 inde
238 2250 458 2334 Pitbouanns‚
484 2261 553 2315 tum
581 2250 774 2333 Tbnaneus,
806 2260 877 2316 tum
906 2250 1113 2318 colbertinus
1140 2251 1238 2319 2565.

135 2354 299 2420 mbranac.
322 2377 387 2419 non
408 2378 473 2419 una
494 2377 591 2420 manu
612 2356 765 2442 scriptus*

117 2461 126 2477 '
222 2458 314 2523 Inest
326 2468 454 2544 praeter
468 2461 532 2524 alia
545 2461 722 2543 multa¹⁹⁹),
736 2482 834 2525 manu
847 2482 932 2525 saec.
944 2460 1026 2524 XII
1043 2459 1216 2544 conscript

222 2562 582 2628 Pseudo-Aethici
604 2561 941 2650 Cosmograpbia3
964 2601 1006 2610 -
1035 2563 1239 2627 Itinerarium

135 2666 303 2730 Antonini.

223 2767 316 2833 Idem
336 2769 418 2835 liber
440 2779 489 2834 est
511 2793 551 2834 ex
573 2792 636 2854 quo
659 2792 768 2834 omnes
785 2768 1060 2856 Cosmographiae
1082 2769 1239 2834 editiones

135 2881 225 2936 ortae
247 2881 335 2953 sunt3
358 2875 392 2937 in
413 2875 557 2960 margine
579 2872 702 2939 codicis
723 2875 832 2940 variae
852 2875 1007 2939 lectiones
1029 2874 1152 2939 codicis
1171 2871 1239 2937 Cu-

135 2975 211 3038 iacii
233 2975 404 3042 adnotatae
427 2979 580 3059 summ).
618 2977 844 3064 Archetypum
856 2980 930 3060 filit,
952 2987 991 3042 ut
1003 2977 1143 3061 videtur,
1159 2978 1238 3043 duo-

133 3101 207 3141 rnm
228 3078 378 3142 codicum
399 3082 609 3164 sequentium.

226 3286 297 3352 l.a.
348 3283 443 3351 Cod
472 3287 770 3370 Berolinensis‚
798 3287 1002 3354 Mannsor.
1032 3289 1167 3355 Latin
1197 3291 1239 3354 in

134 3389 236 3454 folio
258 3391 345 3458 359.
369 3391 676 3474 armemanensis,
700 3415 793 3476 quem
815 3391 930 3458 babuit
950 3394 1001 3460 Le
1015 3393 1117 3476 Bean,
1138 3392 1238 3459 Prae-

135 3515 187 3558 ses
200 3492 333 3581 Regius.
356 3517 441 3560 saec.
456 3494 537 3560 ΧΠ.
562 3495 776 3561 membranae.
795 3497 986 3564 nitidissime
1006 3507 1167 3581 exaratus,
1189 3498 1238 3562 fo-

133 3598 250 3662 liorum
274 3599 348 3666 135.

222 3701 353 3767 Insunt:
382 3703 437 3767 fol.
458 3706 489 3769 2.
519 3713 597 3767 rect
626 3701 737 3769 Orosii
762 3706 968 3770 historiarum
989 3707 1063 3770 libri
1084 3706 1171 3786 VII3
1194 3743 1236 3754 -
1323 3759 1326 3762 .

133 3805 189 3870 fol.
209 3807 301 3872 105¹:
324 3803 502 3871 INCIPIT
520 3856 527 3869 .
545 3802 909 3874 COSMOGRAFIA.
926 3808 1127 3874 ΑΕΤΤΙΟΙ.
1152 3811 1237 3893 „Le-

134 3907 276 3972 ctionum
402 3910 469 3992 [fol.
488 3911 559 3978 109.
583 3912 676 3992 rect]
701 3932 783 3994 quae
804 3933 863 3976 nec
891 3913 998 4000 colligi
1025 3937 1156 3979 numero
1178 3935 1237 3978 nec

207 4155 273 4218 199)
292 4159 338 4207 cfr.
357 4172 433 4221 snpra
450 4173 508 4221 pag.
521 4158 564 4208 21.

205 4242 273 4304 200)
292 4244 338 4294 cfr.
356 4244 543 4294 D'Aveaaeium
560 4247 577 4294 l.
591 4261 612 4294 a
631 4260 689 4309 pag.
703 4244 762 4295 296.
782 4256 846 4296 extr.
