2736 4838
583 333 705 434 '34

220 544 399 624 „Paraplrd
421 562 462 606 oa
486 543 572 605 deria
596 543 633 606 dc
658 544 785 606 l’arreat
808 544 849 606 da
872 545 901 608 5.
920 542 1029 606 Jaillet
1055 541 1149 610 1763.

229 698 242 709 .
607 649 763 712 Meanil.“

221 750 310 835 Inest
338 746 661 836 Cosmographia
688 749 786 814 Iulii
812 747 1019 832 Oratoris,
1047 771 1130 834 quae
1159 751 1241 817 inci·

133 856 196 942 pit:
229 854 332 938 ,Iuho
361 850 501 920 Caesare
530 861 563 918 at
591 851 708 918 Marco
735 853 879 918 Antonio
906 849 1101 920 Consulibus
1125 903 1239 920 .......

132 957 403 1043 Massiliobenses.
447 955 631 1040 Exphoit“.
676 955 801 1022 Eadem
828 955 863 1020 in
890 955 953 1021 hoc
978 965 1089 1022 nostro
1111 957 1240 1025 deside·

131 1072 253 1145 rantur,
275 1085 358 1146 quae
381 1058 569 1125 exciderunt
590 1084 630 1126 ex
653 1059 765 1125 codice
787 1057 895 1124 Vatic.
918 1058 1022 1124 Palat.
1045 1060 1120 1130 973.
1145 1064 1240 1129 cuius

133 1165 354 1253 apographum
377 1172 436 1230 est.
473 1162 560 1228 Nam
583 1186 623 1228 ex
646 1160 708 1227 hoc
736 1163 824 1228 fonte
850 1162 995 1229 codicem
1018 1162 1239 1232 Havniensem

131 1278 242 1335 natum
264 1292 333 1345 esse
355 1290 455 1352 quum
476 1274 592 1331 natura
611 1265 695 1349 libri,
717 1274 787 1332 tum
802 1268 967 1332 annotatio
982 1267 1124 1334 ostendit
1139 1291 1238 1353 quam

130 1381 206 1460 post
227 1371 340 1439 verba:
388 1369 549 1454 „Fluvius
571 1368 736 1436 Achelous
763 1371 907 1437 nascitur
935 1372 968 1436 in
991 1371 1239 1458 camposephiro

131 1475 236 1548 influit
257 1476 290 1540 in
313 1497 400 1540 mare
420 1473 558 1538 Ionium.
589 1474 709 1538 currit“
734 1474 840 1539 scriba
862 1473 990 1540 adiecit.
1023 1474 1138 1563 Pergit
1154 1476 1237 1541 enim

132 1599 208 1664 pag.
226 1580 282 1644 15:
309 1574 398 1660 „hic
422 1573 497 1639 duo
521 1573 624 1638 folia
647 1572 792 1640 desunt
813 1575 983 1642 inMsto.
999 1576 1236 1657 Palatino“;

133 1692 310 1766 sequnntur
338 1677 437 1744 verba
462 1685 520 1760 „et
546 1697 584 1741 ea
610 1698 728 1741 corona
756 1676 892 1744 includit
922 1702 1048 1745 omnem
1074 1680 1237 1767 regionem

132 1785 307 1851 Acamiam
331 1782 443 1868 (εἰοὲ)κ
468 1787 530 1844 etc.

218 1886 326 1953 Huius
354 1883 428 1951 libri
455 1892 580 1970 partem
602 1884 784 1972 benigniter
804 1885 897 1952 nobis
924 1885 1095 1973 descripsit
1117 1886 1160 1952 V.
1185 1885 1236 1952 Cl.

132 1993 172 2058 Il.
189 1990 268 2057 Chr.
283 1987 455 2071 Werlauff,
477 1986 699 2054 Bibliothecae
721 1987 843 2077 Regiae
864 1989 1063 2056 Praefectus.

219 2148 251 2215 3.
290 2142 1238 2215 CodParisiensisBiblNation.illilmembra-

133 2251 248 2317 necin
259 2257 385 2333 quarto,
399 2247 586 2312 saecXIV.
600 2271 695 2332 quem
706 2247 820 2314 habuit
830 2248 1026 2315 Philibertus
1038 2250 1120 2315 dela
1130 2249 1236 2316 Mare.

218 2352 259 2418 In
281 2351 344 2417 hoc
365 2350 463 2434 libre,
492 2373 556 2415 una
579 2350 753 2436 eademque
775 2374 873 2418 manu
894 2362 1043 2436 exarato,
1071 2352 1238 2442 Excerpta

131 2458 281 2544 leguntur
302 2455 392 2520 varia
414 2478 454 2520 cx
475 2452 593 2521 Isidori
607 2454 823 2543 Etymologiis
846 2464 878 2521 ct
900 2456 1029 2542 scriptis
1045 2457 1154 2524 Bedae
1170 2458 1237 2524 Ve-

132 2560 292 2642 nerabilis,
310 2558 425 2644 quibus
442 2559 562 2624 inserta
575 2566 624 2624 est
637 2557 1237 2648 Pseudo-AethiciCosmogra·

132 2664 237 2752 phia.
269 2662 356 2728 Nam
379 2663 485 2747 capite
499 2685 584 2727 nono
599 2662 707 2748 agitur
723 2662 795 2742 „De
810 2663 917 2750 Libya
937 2673 970 2729 et
984 2663 1129 2750 partibus
1144 2665 1235 2731 eius“

132 2765 308 2835 secundum
335 2763 514 2847 Isidorum,
544 2773 643 2850 caput
668 2774 775 2830 autem
803 2765 978 2849 decimum,
1007 2765 1094 2851 quod
1122 2768 1239 2855 incipit

133 2879 278 2956 quatern.
299 2867 400 2960 XIX.
428 2867 483 2933 fol.
505 2868 537 2936 8.
565 2868 755 2955 inscriptum
778 2878 841 2936 est:
870 2870 934 2936 Du
958 2867 1238 2939 COSMOGRA·

131 2972 263 3051 PHIA;
286 2979 462 3056 sequuntur
477 2970 592 3037 deinde
605 2971 704 3036 verba
718 2971 813 3038 haec:
838 2972 941 3056 ,Iulio
954 2971 1104 3058 Caesare,
1118 2974 1237 3042 Marco

132 3076 297 3146 Antonino
320 3074 502 3142 consuhbus
523 3075 627 3141 omnis
648 3075 736 3141 orbis
756 3086 946 3164 peragratas
968 3087 1017 3144 est
1036 3102 1095 3164 per
1108 3080 1237 3166 sapien·

132 3182 272 3247 tissimos
295 3186 328 3244 et
350 3178 468 3245 electos
491 3179 587 3245 viros.
622 3180 655 3244 A
670 3178 841 3246 Nicodoro
856 3182 971 3265 oriens,
995 3181 1163 3248 aDidimo
1180 3206 1237 3249 oc·

133 3284 253 3368 cidens,
268 3306 288 3348 a
303 3281 473 3348 Theodoto
488 3282 696 3369 septentrion,
719 3305 739 3347 a
753 3282 902 3351 Policlito
919 3285 1087 3352 meridics“
1105 3295 1166 3353 etc.
1177 3289 1234 3366 ¹⁴⁶)

131 3385 269 3453 Duobus
290 3385 391 3472 igitur
413 3385 589 3470 capitibus,
612 3385 710 3450 scilic.
735 3408 804 3473 cap.
821 3387 866 3452 X.
890 3398 923 3456 et
943 3389 1008 3455 XI.
1039 3387 1242 3480 Cosmograf

33 3519 35 3523 ·
132 3487 210 3575 phia
224 3485 414 3566 absolvitur3
437 3488 581 3572 sequitur
595 3489 701 3574 capite
715 3489 796 3556 XII.
829 3489 946 3558 Isidori
960 3492 1041 3558 liber
1057 3493 1130 3578 „De
1145 3517 1236 3559 men·

133 3591 215 3658 suris
238 3592 419 3677 agrorum“.
465 3588 559 3673 Quae
586 3592 693 3658 omnia
716 3592 750 3658 in
772 3593 878 3661 indice
900 3595 955 3681 qui
977 3596 1037 3662 suh
1059 3597 1155 3662 finem
1179 3619 1235 3664 co-

132 3693 214 3759 dicis
230 3690 375 3757 adiectus
396 3700 446 3757 est
466 3692 516 3760 his
538 3696 643 3762 verbis
664 3695 884 3786 designantur:
909 3698 1039 3783 ,Bedae
1055 3699 1094 3765 de
1108 3703 1236 3771 naturis

132 3819 254 3879 rerum,
293 3802 327 3860 et
353 3807 529 3880 sequuntur
555 3798 620 3865 duo
647 3799 720 3867 libri
748 3825 806 3888 per
834 3801 974 3888 capitula
1004 3803 1148 3870 distincti
1177 3806 1235 3890 qui

132 3907 298 3967 sumuntur
330 3921 370 3964 ex
399 3898 514 3968 Isidori
544 3904 775 3995 Etymologiis,
803 3904 887 3970 sicut
920 3904 1040 3974 ibidem
1068 3908 1101 3972 in
1129 3908 1235 3975 titulis

31 4079 33 4084 ¹
131 4001 353 4089 praenotari“.

203 4178 269 4242 146)
288 4183 332 4235 cfr.
352 4185 493 4240 D’Avczac.
513 4191 529 4241 l.
543 4205 564 4240 c.
583 4204 641 4255 pag.
655 4186 715 4240 314.
734 4196 786 4241 not
800 4187 823 4240 3.
844 4198 870 4242 at
886 4206 944 4257 pag.
959 4189 1019 4244 ³40.
1039 4201 1090 4244 not
1105 4191 1130 4244 3.
