2752 4844
526 1233 906 1325 ARGVMENTVM.

676 1438 764 1445 ——.

168 1588 246 1640 Liber
262 1589 283 1640 1.
319 1588 365 1640 De
384 1587 636 1654 (loamcgraphia
652 1589 730 1640 Iulii
748 1588 883 1640 Honorii
901 1587 1057 1640 Oratoris.
1093 1600 1152 1652 pag.
1167 1581 1270 1634 1-86.

240 1673 324 1741 Caput
340 1676 360 1726 1.
390 1675 431 1726 De
444 1673 661 1741 cosmographiae
679 1674 831 1727 editionibus
849 1682 876 1725 et
892 1674 1037 1726 auctoribus
1056 1672 1099 1736 qui
1118 1673 1149 1722 dc
1168 1686 1199 1722 ea
1214 1684 1271 1720 sen·

439 1763 531 1812 tentius
548 1763 690 1813 ediderunt
726 1776 784 1828 pag.
798 1758 901 1810 1-12.

283 1845 305 1906 ξ.
320 1846 343 1895 1.
370 1847 411 1895 De
429 1845 646 1910 Cosmographiae
664 1848 825 1900 editionibus.
861 1860 919 1911 pag.
934 1844 1018 1896 1-3.

284 1928 306 1989 ἓ.
319 1928 344 1980 2.
371 1929 513 1980 Auctorum
531 1931 575 1992 qui
593 1931 625 1979 de
635 1931 728 1982 Ethioo
740 1935 895 1996 scripserunt
905 1931 1069 1982 enumeratio.
1096 1943 1154 1992 pag.
1168 1924 1271 1976 3-12,

242 2015 327 2080 Caput
337 2015 370 2065 11.
393 2014 434 2064 De
446 2014 528 2078 prima
536 2014 594 2064 Iulii
602 2013 711 2066 Honorii
720 2015 938 2080 cosmographiae
949 2015 1105 2064 recensione.
1115 2028 1141 2077 p.
1152 2010 1271 2062 12-23.

283 2100 306 2161 δ.
320 2099 344 2152 3.
372 2100 413 2151 De
424 2101 522 2165 primae
534 2101 690 2152 recensionis
701 2102 787 2153 indole
800 2109 826 2153 ct
833 2101 904 2153 libris
913 2100 1098 2164 manuscriptis.
1116 2113 1142 2163 p.
1151 2095 1271 2147 14-23.

241 2186 326 2253 Caput
345 2187 391 2239 IIL
436 2185 477 2237 De
505 2188 632 2237 secundae
658 2188 814 2239 recensionis
838 2186 924 2238 incola
948 2192 974 2236 et
995 2185 1065 2237 libris
1087 2184 1271 2248 manuscriptis.

439 2287 497 2339 pag.
510 2269 633 2323 23-45.

284 2358 305 2419 ξ.
318 2356 344 2409 t.
371 2359 412 2410 De
430 2358 557 2410 secundas
574 2359 730 2410 recensionis
747 2359 840 2410 indole.
877 2373 935 2423 pag.
948 2356 1072 2410 as-st.

284 2443 306 2505 ξ.
319 2444 344 2496 5.
371 2445 413 2496 Dc
430 2444 501 2495 libris
518 2445 696 2511 manuscriptis
715 2438 758 2508 qui
776 2446 809 2496 ad
820 2444 953 2497 Familiam
962 2444 995 2496 A.
1008 2443 1142 2510 pertinent.
1166 2457 1224 2508 pag.
1239 2440 1270 2492 31

285 2614 308 2676 ξ.
322 2614 346 2667 6.
372 2615 413 2665 De
431 2528 696 2680 libg'mmfflpfis
714 2616 758 2678 qui
775 2615 808 2666 ad
820 2615 952 2667 Familiam
961 2615 993 2666 B.
1010 2615 1143 2680 portinent.
1167 2629 1225 2681 pag.
1239 2612 1272 2665 ³5

284 2785 306 2847 ξ.
321 2786 345 2838 7.
372 2699 617 2852 Reliquifficundac
634 2787 790 2838 recensionis
807 2787 916 2838 codices.
952 2801 1011 2852 pag.
1023 2784 1145 2837 to-ts.

243 2873 327 2939 Caput
334 2873 380 2925 IV.
404 2874 445 2926 De
453 2875 543 2925 tertiae
552 2874 706 2924 recensionis
715 2872 801 2923 indole
810 2879 837 2924 et
844 2872 915 2924 libris
924 2873 1110 2938 manuscriptis.
1123 2888 1148 2937 p.
1158 2869 1272 2923 tt-cl.

284 2957 306 3018 ξ.
319 2957 345 3009 8.
372 2959 413 3010 De
430 2961 520 3011 tertiae
537 2960 692 3011 recensionis
709 2959 803 3009 indole.
839 2973 897 3023 pag.
910 2956 1033 3009 45-17.

285 3042 308 3104 ξ.
321 3043 346 3094 9.
373 3045 414 3096 De
431 3045 502 3095 libris
519 3045 696 3108 manuscriptis
713 3043 835 3094 Familiae
853 3043 886 3094 A.
922 3059 981 3108 pag.
993 3043 1116 3094 tu-so.

132 3128 150 3159 ’
269 3128 292 3188 ξ.
305 3128 347 3178 10.
374 3129 415 3177 De
432 3129 503 3177 libris
521 3130 698 3192 manuscriptis
715 3129 837 3178 Familiae
854 3129 885 3176 B.
921 3143 979 3191 pag.
993 3126 1116 3178 51-62.

269 3210 292 3272 ξ.
306 3211 347 3262 11.
374 3212 415 3262 Dc
432 3212 503 3261 libris
520 3212 698 3276 manuscriptis
715 3211 835 3262 Familiae
854 3211 884 3262 Ο.
920 3227 978 3276 pag.
993 3210 1116 3262 tlt-71.

270 3297 348 3359 §.12
375 3298 476 3361 Reliqui
493 3296 682 3349 codices-XXI.
717 3311 776 3362 pag.
789 3295 910 3347 71-81.
1202 3300 1205 3306 '

269 3383 291 3445 ξ.
306 3382 347 3435 13.
374 3383 415 3434 De
433 3383 552 3434 subsidiis
569 3397 650 3435 novae
667 3383 784 3435 editionis
803 3381 1028 3448 cosmographias.
1059 3399 1117 3449 pag.
1131 3381 1253 3434 st-sl.

311 3523 312 3526 ,
371 3469 452 3520 Inricx
468 3469 591 3520 librorum
607 3470 843 3535 manuscriptorum.
879 3484 937 3534 pag.
950 3466 1072 3521 85-86.

173 3642 291 3694 Liberll.
324 3641 369 3692 De
387 3641 479 3692 libris
496 3643 724 3707 manuscriptis
737 3641 1006 3707 Ocamographiaa
1023 3642 1138 3694 Fthici.
1167 3657 1226 3706 pag.
1238 3640 1274 3693 87

443 3727 496 3777 -1
536 3764 542 3777 .

245 3811 330 3876 Caput
339 3812 359 3863 1.
386 3725 544 3866 'Festimczia
562 3821 588 3865 et
604 3813 697 3864 iudicia
713 3813 824 3862 virorum
842 3814 974 3863 doctorum
991 3813 1023 3862 da
1039 3813 1138 3864 Ethico.
1168 3828 1226 3877 pag.
1238 3810 1272 3862 89

245 3980 329 4050 Caput
339 3980 373 4033 Il.
399 3983 440 4034 De
456 3897 527 4034 1111931
544 3985 721 4049 manuscriptis
731 3981 947 4048 Cosmographiac
955 3984 1046 4034 Ethici.
1064 3999 1122 4048 pag.
1132 3980 1271 4033 99-1311.

287 4065 310 4128 ξ.
323 4065 346 4117 1.
374 4068 415 4118 Da
432 4068 503 4120 libris
519 4070 695 4134 manuscriptis
713 4069 834 4119 Familiae
851 4069 884 4119 A.
920 4085 978 4134 pag.
994 4067 1149 4118 100-103.

288 4151 309 4213 §-
322 4152 347 4205 2.
374 4155 414 4205 De
432 4155 502 4207 libris
520 4155 696 4218 manuscriptis
713 4154 835 4206 Familiae
852 4155 884 4204 B.
920 4169 978 4219 pag.
994 4152 1150 4204 103-111.
