2752 4844
749 329 927 443 too'

234 548 332 637 ghina
362 549 500 613 viaroem
528 557 633 612 barma
660 547 938 635 tergiversantium
966 549 1107 614 titillat.
1136 549 1333 637 turgentium

233 650 372 716 titubata
398 652 463 716 tela
488 649 618 715 tandem
640 649 798 715 trutinata
817 650 933 717 tritura
953 660 1096 718 toracem
1119 701 1127 718 .
1151 662 1242 718 tactu
1264 678 1333 720 mu·

234 756 339 821 cronis
365 754 553 820 Trimarcia.
605 753 744 819 Thafros
775 754 874 820 Alces
907 756 1153 837 tumultuantes3
1190 757 1334 826 Tantilla

233 869 326 925 tenus
360 908 368 924 .
402 868 508 924 turma
534 858 647 923 tironis
681 866 861 943 temporum
894 867 968 925 tura
994 868 1161 947 tantopere
1189 860 1333 927 Tulohus

233 963 365 1028 triarum
392 961 571 1028 tonantium
598 968 687 1051 tenet
707 959 964 1039 Malanoinorum
990 962 1163 1051 titanistria
1186 1012 1194 1027 .
1218 964 1332 1029 tellure

232 1066 421 1154 Murginum
443 1062 575 1130 delubra
597 1068 706 1128 amara
727 1054 891 1150 gentium.
909 1062 1017 1132 Stulta
1039 1073 1071 1130 et
1093 1066 1329 1132 invia.saltus.

233 1171 351 1255 aquilo:
366 1169 450 1235 titan
471 1215 479 1231 .
502 1167 652 1255 expedita
672 1167 801 1237 alarum
828 1167 893 1233 tela
914 1167 1146 1241 vehementiam
1167 1170 1331 1256 triumpha

122 1269 125 1275 ’
233 1295 364 1359 carpere
391 1272 518 1337 famosa
542 1270 705 1356 trophea.
727 1270 761 1334 in
783 1270 952 1357 trumphea
973 1272 1085 1338 ulcisci
1107 1274 1221 1338 borrea
1245 1284 1330 1339 cata-

231 1374 491 1442 fracta‘oumulo
518 1373 586 1438 fore
611 1373 761 1438 diuturno
782 1374 866 1439 bello
889 1374 1038 1463 subigere
1058 1398 1209 1442 mucrone
1224 1378 1330 1442 africo

232 1502 376 1546 connexa
395 1478 516 1564 uligine
536 1477 667 1544 vesania
687 1476 865 1543 Malanoini
887 1479 1047 1544 eaoinfata
1060 1500 1224 1565 sumpsere
1239 1503 1329 1567 prae

232 1582 351 1648 donum
373 1577 505 1668 spolia
495 1603 530 1645 1n
550 1580 659 1646 lances
680 1602 790 1654 suos
818 1588 934 1668 sugent
961 1603 1108 1648 cruore.
1135 1584 1197 1647 et
1188 1605 1329 1648 inmense

231 1686 402 1752 devorant
418 1683 624 1749 finitimorum
659 1704 814 1749 earnes.
852 1682 1024 1749 medullam
1051 1687 1218 1752 caesorum
1251 1670 1328 1805 lam·

229 1790 353 1895 biunt
358 1786 410 1854 et
431 1788 576 1875 vipereas
597 1787 1076 1853 lemurcasconsumunt““.·.

317 1889 487 1957 Eiusmodi
508 1891 604 1957 etiam
616 1897 722 1955 sunt
712 1913 798 1977 pag
814 1892 889 1975 515,
912 1892 948 1973 33
972 1894 1033 1961 521
1051 1909 1106 1978 sq
1114 1899 1196 1960 500..
1202 1846 1270 1959 050.

320 1993 478 2078 Quamvis
506 2003 613 2059 0050οι
640 1993 675 2058 50
701 1993 862 2080 plerisque
890 1995 1091 2060 consentiant
1116 1994 1190 2060 libri
1217 2019 1326 2061 manu·

220 2097 352 2186 compti,
373 2096 482 2163 tamen
504 2097 725 2163 dissentiunt
716 2119 750 2160 1n
772 2097 851 2182 aliis,
872 2097 922 2163 ita
940 2106 977 2162 ut
1000 2106 1105 2163 certas
1120 2084 1258 2177 familias
1280 2109 1326 2167 aa

230 2222 293 2287 que
319 2200 447 2266 ordines
472 2200 626 2265 librorum
655 2200 848 2265 constituere
876 2201 1044 2287 possimus.
1094 2200 1141 2265 Et
1169 2203 1246 2286 quia
1265 2202 1325 2269 bac

152 2322 160 2337 ·
228 2306 263 2369 in
283 2326 319 2369 re
339 2305 542 2391 potissimum
564 2302 692 2369 codices
712 2308 794 2386 ¹quos
819 2303 957 2369 vidimus
984 2304 1192 2388 dissentiunt,
1222 2315 1260 2371 ut
1280 2307 1325 2372 in·

229 2407 477 2474 numerabilibus
499 2407 639 2473 cuiusvis
660 2405 787 2494 3000050
809 2405 895 2470 vitiis
918 2406 972 2470 alii
996 2416 1158 2492 scateant,
1187 2410 1325 2477 0155100-

228 2512 332 2578 tiones
352 2511 456 2576 minus
479 2511 941 2630 depravatasasservaverint,
968 2510 1017 2574 ita
1038 2518 1074 2576 ut
1098 2512 1139 2596 (si
1159 2512 1252 2579 locos
1272 2539 1325 2581 00

229 2615 329 2701 cipias
343 2614 422 2681 illos
444 2615 500 2700 qui
522 2613 653 2687 omnino
671 2632 736 2676 non
756 2612 893 2700 intelligi
909 2616 1055 2700 possunt)
1071 2615 1194 2700 reliqua
1208 2639 1325 2705 magna

229 2740 269 2783 ex
296 2728 388 2806 parte
415 2738 544 2787 sensum
576 2715 768 2801 praebeant:
803 2717 837 2793 iu
861 2715 943 2783 duas
967 2725 1076 2804 partes
1109 2719 1183 2785 libri
1215 2746 1324 2789 0000-

227 2822 340 2909 scripti
361 2820 490 2955 050005.

731 3033 821 3134 §.a

379 3195 383 3200 ·
462 3184 1029 3268 ¹nanmmsussuernulas.
1093 3174 1100 3191 '

315 3327 454 3397 Codices
474 3327 613 3395 familiae
634 3331 685 3415 A,
714 3331 782 3397 sive
807 3332 947 3420 optimae
967 3356 1009 3400 no
1011 3342 1079 3425 tae,
1106 3333 1235 3399 omnino
1257 3344 1324 3403 tres

227 3433 319 3499 nobis
340 3441 563 3517 occurrerunt,
586 3433 723 3500 00515005.

239 3566 242 3573 ·
311 3537 348 3601 5.
383 3532 477 3599 Ood
493 3535 739 3621 Vaticanus,
761 3535 1015 3603 exBrblroth.
1030 3535 1207 3624 Reginae
1223 3537 1320 3607 Sue

228 3641 357 3723 05000,
390 3638 535 3729 sign-at.
566 3642 685 3725 1260,
725 3644 820 3706 00550
845 3639 1059 3705 Floriaoensi's
1087 3663 1181 3725 quem
1208 3642 1322 3711 habuit

225 3741 342 3807 Petrus
363 3740 481 3807 Daniel
501 3743 756 3825 Aurelianensis,
784 3741 818 3805 in
840 3749 970 3827 quarto,
998 3742 1159 3808 mbranac.
1188 3745 1320 3813 charac-

225 3852 293 3910 tere
320 3844 437 3932 gallico
459 3845 561 3912 nitido
583 3852 749 3912 exaratus·
783 3842 881 3914 Initio
909 3843 1030 3911 codicis
1057 3849 1243 3933 expressum
1271 3841 1336 3918 est¹

226 3970 341 4013 0οι000
362 3947 453 4014 Ρο5ι5
474 3948 620 4014 Danielis
638 3942 894 4029 Aurelianensis,
917 3970 990 4013 eum
1011 3950 1144 4016 laudant
1163 3953 1198 4016 in
1219 3951 1318 4021 Prae-

225 4052 343 4117 fatione
372 4052 415 4117 ad
442 4048 612 4133 editionem
639 4040 927 4131 Pseudo-Aethici
962 4061 994 4117 et
1024 4054 1186 4141 Itinerarii
1212 4059 1317 4125 Anto-

225 4155 292 4220 nini
318 4155 421 4222 Iosias
450 4151 582 4235 Simler,
615 4172 675 4218 nec
707 4149 775 4218 non'
805 4153 839 4218 in
860 4153 1015 4223 Biblioth.
1042 4152 1316 4229 Bibliothecaruin
