2752 4844
670 397 730 468 183

142 571 224 643 ᾶηω,
242 571 303 636 erit
324 573 368 655 si,
390 570 476 656 quod
498 594 596 658 supra
618 572 857 656 adnotavimus,
887 582 954 639 tam
976 575 1100 639 varium
1124 571 1246 660 Glago·

140 675 300 739 liticarum
321 676 499 740 litterarum
521 697 704 759 numerum,
732 686 798 741 tam
828 677 933 743 varias
959 678 1078 743 formas
1102 677 1245 742 extitisse

141 779 343 864 percipimus.
379 777 485 860 Quem
501 787 608 844 autem
624 780 686 842 iam
703 802 766 844 non
785 787 880 865 putas
900 781 1087 867 intelligere,
1109 781 1163 864 qui
1178 781 1245 845 fac·

141 892 208 946 tum
235 883 293 965 sit,
321 891 358 947 ut
381 879 610 947 Constantinus
632 883 685 947 ille
708 905 841 970 graecos
864 885 967 972 magis
991 883 1110 948 ductus
1133 906 1244 968 seque-

140 984 249 1050 retur?
292 985 453 1070 Equidem
483 1009 580 1069 quum
610 982 791 1050 Orientales
821 985 956 1053 Sclavos
985 988 1052 1053 sive
1084 1010 1155 1069 eos,
1190 987 1244 1070 qui

139 1089 274 1175 Bulgari
303 1096 399 1172 atque
422 1088 515 1155 Servi
544 1097 577 1155 et
601 1088 736 1153 Valachi
764 1089 861 1176 vulgo
889 1090 1104 1176 appellantur,
1134 1090 1244 1173 etqui

140 1215 240 1277 prope
262 1191 488 1257 Macedoniam
511 1192 603 1258 sedes
626 1191 746 1274 colunt,
770 1193 1001 1278 graecissantes
1023 1194 1126 1278 magis
1148 1214 1244 1276 quam

141 1297 309 1360 Dalmatas
337 1302 369 1359 ot
395 1295 519 1383 Illyrici
548 1303 660 1382 gentes
683 1295 975 1378 animadvertisset,
998 1294 1242 1360 necessitatibus

140 1423 248 1464 eorum
277 1400 444 1464 subvenire
474 1399 622 1484 cupiens,
652 1397 858 1483 alphabetum
885 1398 963 1463 illud
992 1399 1054 1464 sibi
1081 1399 1240 1480 linxit⁴⁹⁹)

139 1525 202 1586 quo
225 1502 331 1567 adhuc
354 1503 422 1568 eius
443 1511 548 1567 terrae
569 1502 694 1566 incolae
715 1508 850 1565 utuntur
862 1504 928 1580 ⁵⁰⁰).

589 1679 770 1686 ——--——
784 1681 787 1684 .

227 1811 455 1893 Quaestionem
477 1814 570 1880 nobis
593 1835 663 1878 eam
684 1814 909 1898 proposuimus
931 1822 977 1895 ut,
1000 1812 1165 1897 quodiam
1181 1811 1240 1876 hu·

138 1917 188 1979 ius
209 1914 282 1980 libri
305 1917 409 2002 capite
432 1918 530 2001 priori
552 1915 736 1979 inchoatum
760 1923 826 1996 est,
850 1914 883 1982 S.
903 1915 1136 2001 Hieronymum
1158 1913 1239 1992 Cos·

139 2017 344 2104 mographiae
366 2018 476 2084 Ethici
497 2021 705 2102 interpretem
727 2017 824 2083 fuisse
847 2017 1094 2083 ostenderemus.
1141 2016 1238 2099 Quod

138 2143 235 2204 quum
258 2123 365 2206 aliqua
387 2130 540 2208 exparte
563 2145 602 2186 ex
625 2121 782 2185 nonnullis
798 2118 1071 2208 Cosmographiae
1086 2121 1166 2186 locis
1181 2128 1238 2186 no·

138 2224 187 2289 bis
209 2227 431 2309 successisset,
460 2226 563 2313 magis
586 2225 681 2289 etiam
703 2223 783 2290 illud
806 2224 993 2290 confirmare
1023 2224 1147 2310 cupidi,
1176 2224 1238 2289 hoc

137 2327 264 2394 demum
283 2332 388 2416 capite
407 2331 601 2394 tentavimus
622 2329 649 2393 si
671 2329 753 2392 forte
774 2328 940 2393 recensitis
956 2328 1238 2395 elementisEthici

137 2434 233 2497 exiis
251 2431 338 2498 aliud
354 2441 575 2519 argumentum
593 2432 757 2497 consecuti
779 2453 847 2496 esse
865 2430 1055 2515 videremur,
1078 2456 1142 2517 quo
1157 2432 1237 2497 Hie-

136 2559 305 2622 ronymum
327 2537 532 2620 interpretem
553 2536 652 2600 fuisse
677 2533 840 2600 evidenter
861 2536 978 2619 posset*
993 2534 1213 2601 demonstrari.

225 2637 300 2720 Quo
321 2639 450 2724 quidem
472 2660 603 2703 munere
624 2661 683 2722 pro
706 2638 789 2702 virili
812 2649 903 2721 parte
926 2639 973 2704 sic
994 2639 1096 2704 functi
1117 2659 1236 2722 sumus,

136 2751 173 2806 ut
193 2736 395 2830 paragrapho
418 2745 522 2828 prima
543 2741 768 2828 philosophum
790 2751 935 2807 nostrum
951 2765 1067 2830 genere
1083 2742 1235 2811 Sclavum

136 2847 244 2928 fuisse,
267 2845 485 2912 secundat
429 2854 485 2912 aut
486 2870 536 2912 em
554 2847 677 2911 litteras
691 2845 721 2909 Ε
724 2846 802 2911 thici
816 2846 946 2912 easdem
961 2869 1030 2912 esse
1045 2853 1141 2932 atque
1156 2845 1236 2913 Gla-

136 2950 282 3035 goliticas
305 2950 560 3030 ostenderemus3
584 2951 679 3015 tertia
701 2949 837 3033 denique
860 2950 938 3034 quid
961 2951 1001 3015 de
1024 2949 1111 3015 hisce
1127 2949 1236 3017 Sclavi

136 3053 275 3117 sentiant
304 3053 517 3137 exposuimus.
563 3051 629 3133 Qui
658 3074 759 3135 quum
777 3076 841 3117 uno
864 3053 1005 3117 omnium
1028 3061 1137 3118 creet
1160 3075 1235 3118 con·

136 3176 231 3221 sensu
257 3154 526 3240 Hieronymianas
555 3154 686 3219 credant
720 3176 789 3219 esse
822 3155 1004 3237 litteras,
995 3178 1060 3219 iam
1088 3167 1235 3223 sanctum

135 3253 224 3323 illum
248 3257 488 3325 Stridonensem
508 3257 731 3322 translatorem
754 3256 864 3333 Ethici
886 3258 983 3324 fuisse
1006 3261 1158 3342 sequitur,

141 3374 174 3486 ’1
222 3359 337 3427 Restat
357 3361 487 3425 tertium
510 3359 669 3444 quoddam
693 3369 928 3448 argumentum,
958 3384 1022 3445 quo
1048 3361 1133 3426 idem
1155 3362 1234 3427 Hie·

206 3604 274 3667 las)
294 3608 338 3658 cfr.
357 3609 465 3672 Kopitar
484 3607 582 3671 Glagol.
603 3607 673 3658 Cloz.
692 3622 749 3671 pag.
762 3597 812 3656 Xl’.
833 3613 857 3656 ct
875 3606 968 3672 Haupt,
987 3610 1003 3659 l.
1017 3625 1038 3659 c.
1057 3625 1115 3674 pag.
1131 3610 1170 3659 15.

207 3688 275 3752 500)
293 3693 353 3743 Alia
374 3701 522 3757 argumenta
543 3709 590 3757 pro
608 3694 743 3758 alphabeta
762 3692 913 3756 Glsgolitico
933 3697 1071 3757 pugnantia
1088 3695 1162 3745 affert
1173 3696 1232 3745 Iac.

138 3780 254 3829 Grimm
271 3779 310 3827 in:
330 3778 505 3843 Gtttingtsche
517 3780 629 3842 gelehrte
639 3780 777 3843 AnzeIgcn,
792 3777 867 3829 1836.
880 3780 958 3829 Stiick
971 3778 1012 3830 33.
1026 3779 1067 3830 31.
1082 3777 1232 3845 3515323

136 3861 258 3925 Ata),
282 3863 325 3913 ubi
341 3865 397 3915 vics
420 3880 477 3929 pag.
498 3863 557 3915 324.
577 3863 636 3915 ³25.
655 3896 689 3904 -
706 3866 853 3929 Kopitar,
871 3865 1023 3917 Psaltcriurn
1040 3868 1165 3918 Romanae
1183 3877 1230 3917 otc.

134 3967 192 4016 pag
205 3951 255 4011 XI,
274 3959 327 4001 not
342 3950 370 4001 1:
397 3950 441 4011 ,Si
459 3967 520 4015 ergo
539 3967 653 4015 quaeras,
672 3960 727 4002 uter
744 3960 827 4001 utrum
845 3951 961 4001 habuerit
976 3968 1037 4017 prac
1056 3955 1148 4017 oculis,
1165 3955 1231 4004 dics·

136 4053 191 4086 mus
210 4037 364 4100 Glsgolitam
382 4036 472 4085 ducem
489 4037 568 4086 fuisse
581 4034 736 4101 cyrillnni‘t
748 4034 848 4087 -.cfr
867 4037 943 4087 ctiam
961 4040 1067 4089 candem
1084 4040 1138 4089 scre
1156 4055 1232 4103 quam

135 4138 182 4172 nos
205 4123 355 4172 sententiam
381 4121 537 4186 proferentes
560 4123 756 4187 Kopitarcm,
791 4117 1141 4189 Glag01.cloz.pag.xh
1163 4126 1229 4188 x1·;

135 4209 340 4272 Haupttuml.
355 4223 376 4258 c.
394 4220 453 4272 pag.
468 4206 508 4257 11).
529 4207 569 4257 15.
589 4207 630 4258 lt.
