2752 4844
673 411 734 480 149

151 585 191 650 iis
214 585 334 673 optime
357 586 558 651 consentiant
586 594 666 671 quos
687 586 721 650 in
743 584 871 670 scriptis
894 583 928 652 S.
953 583 1142 672 Hieronymi
1164 585 1251 652 inve-

151 688 265 753 nimus.
318 688 487 754 Eiusmodi
515 697 591 754 sunt
618 690 792 775 sequentia.
842 687 923 775 Pag.
948 691 1022 757 500.
1052 697 1085 753 et
1113 689 1188 757 504.
1217 689 1252 753 in

152 789 409 880 cosmographia
436 792 544 858 multis
573 800 670 878 atque
699 791 913 858 acerbissimis
934 790 1041 858 verbis
1062 799 1174 856 contra
1196 789 1252 857 Ci-

150 915 309 979 ceronem,
330 895 511 979 Platonem,
534 896 623 980 alios,
646 896 800 984 disputat,
824 916 904 980 quos
921 892 1050 976 „fideles
1071 894 1251 960 inruinam

150 997 328 1065 abducere“
358 998 538 1079 contendit3
568 999 682 1065 horum
710 999 827 1066 similia
848 999 882 1063 in
904 997 945 1065 S.
962 997 1154 1084 Hieronymi
1176 1019 1252 1083 ope·

148 1101 237 1167 ribus
259 1102 379 1187 passim
400 1101 612 1169 inveniuntur.
657 1103 745 1169 Nam
767 1102 936 1168 Platonem
958 1122 1103 1167 necnon
1123 1101 1250 1166 univer.

147 1226 217 1269 sam
231 1203 473 1293 Philosophiam
495 1228 559 1272 non
582 1208 680 1273 semel
702 1206 760 1272 sed
782 1204 959 1270 sexcenties
981 1203 1181 1270 contumeliis
1201 1204 1251 1268 in-

147 1315 360 1392 sectatur,·ut
378 1309 500 1400 tom.I,
515 1333 590 1397 pag.
608 1311 659 1379 36.
674 1307 712 1375 O.
729 1309 772 1374 D.
792 1307 855 1394 (ed.
868 1308 1075 1391 Vallarsiuslr
1101 1306 1250 1391 ,Veniet

148 1412 255 1478 veniet
275 1412 331 1477 illa
353 1412 439 1496 dies,
462 1435 525 1498 qua
548 1413 768 1499 corruptivum
789 1410 853 1477 hoc
875 1420 909 1476 et
929 1411 1064 1476 mortale
1085 1411 1251 1496 incorrup-

147 1514 266 1581 tionem
288 1515 401 1582 induat
423 1525 456 1582 et
477 1515 751 1583 immortalitatem
775 1563 851 1580 .....
892 1514 986 1580 Tunc
1008 1514 1107 1601 igitur
1127 1513 1250 1599 Iupiter

147 1618 340 1703 adducetur,
377 1628 415 1684 et
444 1642 529 1686 oum
560 1620 646 1686 suis
680 1621 835 1686 stultus
863 1618 983 1684 Plato
1018 1616 1247 1702 discipulis.

146 1722 392 1788 Aristotelis
415 1731 652 1810 argumenta
677 1747 749 1788 non
766 1722 1003 1809 proderunt“
1022 1729 1084 1785 etc.
1122 1718 1247 1784 Ibidem

144 1824 362 1912 pag.178.1)=
388 1824 529 1908 ,Tales
551 1823 1123 1911 stultaPhilosophiahabeat
1145 1844 1246 1887 mar·

144 1935 277 2013 tyres,
299 1925 416 1994 habeat
439 1927 618 2012 Zenonem,
648 1925 874 2010 Cleobrotum,
896 1929 947 1992 vel
971 1925 1138 1992 Catonem.
1184 1924 1248 1993 Su-

142 2052 204 2116 per
223 2029 343 2094 nullum
365 2032 536 2117 requiescit
558 2031 690 2117 spiritus
710 2051 811 2114 meus,
833 2029 894 2095 uisi
912 2052 1028 2115 ,super
1041 2028 1192 2094 humilem
1214 2036 1247 2092 et

140 2132 286 2218 quietem
304 2141 337 2199 et
353 2143 541 2201 trementem
557 2134 657 2202 verba
673 2136 764 2198 mea“
784 2141 848 2199 etc.
882 2131 1008 2198 Ibidem
1022 2155 1095 2220 pag.
1113 2133 1187 2200 790.
1200 2128 1243 2196 O:

141 2234 443 2324 „Philosophus
465 2239 622 2326 gloriae
644 2237 807 2321 animal,
829 2245 869 2302 et
890 2235 1103 2323 popularis
1126 2255 1246 2300 aurae

140 2340 227 2405 vile
249 2342 526 2428 mancipium‘t

233 2440 322 2525 Quin
350 2446 448 2510 etiam
477 2444 606 2512 eosdem
629 2443 818 2530 Scripturas
840 2442 962 2511 Sacrae
988 2442 1078 2508 locos
1102 2441 1135 2506 in
1155 2440 1246 2506 libris

136 2547 209 2612 suis
238 2547 332 2612 affert
353 2547 569 2635 Hieronymus
596 2569 676 2631 quos
703 2548 737 2611 in
760 2544 1016 2632 Cosmographia
1041 2543 1152 2608 Ethici
1176 2544 1245 2607 lau-

135 2648 244 2714 davit.
288 2648 357 2715 cfr.
379 2651 572 2738 Hieronymi
594 2648 704 2737 Opera
725 2648 761 2732 I,
783 2671 857 2736 pag.
877 2649 949 2717 113.
966 2649 1008 2714 A.
1022 2649 1096 2728 344);
1125 2645 1245 2713 ibidem

135 2775 218 2841 pag.
231 2753 296 2822 309
309 2756 379 2838 ³⁴³),
400 2779 476 2843 pag.
495 2753 724 2836 1019.lt.³⁴⁴);
749 2761 782 2818 et
804 2760 919 2819 cetera.
991 2738 993 2746 ⁸

230 2855 380 2940 Denique
401 2881 442 2924 ne
462 2856 542 2923 illud
563 2855 692 2940 quidem
706 2854 1025 2957 praetermittendum
1040 2853 1111 2936 erit,
1133 2853 1167 2917 in
1181 2851 1245 2918 Be-

134 2959 202 3025 dae
214 2959 416 3026 Venerabilis
438 2959 588 3046 operibus
607 2960 715 3026 locum
736 2958 895 3042 quendam
911 2979 1089 3039 occurrere,
1111 2956 1167 3039 qui
1179 2956 1244 3021 for-

134 3073 229 3127 tasse
246 3061 289 3126 ad
304 3059 594 3153 Oosmographiam
615 3070 759 3128 nostram
776 3061 923 3147 pertinet
961 3057 1083 3126 Scribit
1105 3059 1190 3123 enim
1210 3058 1245 3122 in

135 3165 224 3229 libro
251 3162 291 3228 de
320 3171 502 3253 temporum
523 3163 664 3246 ratione,
693 3162 799 3248 capite
820 3160 958 3228 LXVII
969 3162 1041 3242 ³⁴⁵):
1075 3159 1194 3243 „Quod
1215 3161 1244 3227 si

135 3266 196 3353 qui
219 3266 360 3332 laborem
382 3268 468 3333 hunc
490 3274 635 3332 nostrum
656 3264 856 3351 culpaverint
876 3286 946 3330 esse
962 3262 1168 3350 superfluum,
1190 3285 1243 3329 ac-

135 3369 262 3457 cipiant
282 3369 317 3436 hi
338 3374 521 3456 quicunque
543 3378 618 3436 sunt
637 3369 758 3434 iustum
770 3367 860 3435 salva
875 3366 1031 3433 charitate
1045 3387 1242 3453 responsum,

135 3472 246 3560 quod
274 3477 487 3560 praefatus
507 3473 778 3560 Hieronymus
797 3472 968 3557 priscae
997 3468 1243 3558 Cosmogra-
1335 3476 1336 3479 ’

135 3578 258 3665 phiae
285 3577 655 3646 calumniatoribus
682 3574 835 3660 reddit,
867 3585 910 3642 ut
935 3575 1017 3660 „„si
1045 3575 1242 3660 displicet

213 3778 280 3838 342)
299 3781 345 3831 cfr.
364 3785 483 3834 Ethicum
501 3798 558 3848 pag.
572 3780 632 3832 457.
651 3798 673 3831 a.
694 3783 778 3832 finem.

197 3864 281 3928 043)
300 3867 347 3918 cfr.
365 3867 485 3920 Ethicum
502 3884 560 3933 pag.
573 3866 634 3929 461,
653 3883 675 3915 v.
691 3866 732 3916 1¹.

213 3949 281 4013 aar)
301 3954 347 4003 co.
365 3955 484 4003 sancum
501 3970 559 4025 pag.
572 3952 634 4013 rsa,
653 3969 675 4000 v.
691 3951 731 4002 rs.
783 3936 792 3955 ³

213 4035 281 4100 345)
301 4040 346 4089 clr.
365 4040 524 4091 Venerabilis
541 4041 629 4090 Bedac
648 4037 735 4101 Opera
753 4051 817 4100 quae
836 4030 970 4102 supersunt
988 4041 1084 4102 omniu,
1107 4053 1174 4088 nunc
1191 4024 1241 4101 pri-

135 4139 212 4176 mum
229 4123 257 4174 in
275 4125 371 4189 Angliu
441 4127 506 4177 edii.
524 4127 545 4176 1.
558 4127 591 4175 A.
605 4125 684 4176 Giles.
717 4124 834 4175 tomvl.
861 4125 977 4177 Londini'
986 4123 1060 4176 1843.
1084 4117 1119 4173 8⁰.
1143 4140 1168 4188 p.
1182 4122 1241 4174 332.

136 4242 174 4252 -
194 4209 271 4262 Hunc
288 4213 374 4263 locum
390 4213 464 4264 nobis
481 4213 601 4273 indicarit
617 4203 716 4261 Ludos.
735 4210 891 4269 Bethmanu,
