2752 4844
654 391 715 458 192

135 573 306 652 „roganter
336 567 518 651 usurpavit;
562 565 747 632 Euandriae
777 567 865 633 urbis
899 590 1008 632 muros
1042 575 1076 632 et
1108 569 1237 632 moenia

135 668 335 754 „ampliavit,
367 668 471 755 ipsam
499 692 613 756 nempe
639 670 752 735 urbem
781 692 802 734 a
828 693 886 736 suo
914 670 1071 735 vocabulo
1095 667 1236 734 Romam

134 771 367 856 ,nuncupavitg
396 772 465 857 ipse
492 797 568 840 vero
597 782 671 860 post
698 797 793 839 avum
822 773 989 839 fratricida
1015 773 1141 855 extitit,
1169 771 1236 839 Re·

135 897 304 958 „mumque
332 874 464 940 fratrem
493 899 586 942 suum
611 877 755 959 necavit,
795 875 967 963 spurcitiae
994 876 1081 941 omni
1107 875 1236 942 deditus

135 984 188 1061 ,et
202 978 327 1043 luxuria
340 978 522 1064 freneticus,
532 980 709 1066 pellcxator
722 979 872 1045 nefarius.
904 976 1075 1045 Commoto
1090 979 1236 1044 exercitu

134 1080 388 1165 „Romanomm,
419 1083 472 1146 avi
500 1081 688 1148 crudelitate
710 1091 855 1168 arreptus
877 1081 1140 1148 Lacedaemones
1163 1104 1235 1147 cru-

134 1183 268 1267 ,deliter
297 1173 484 1268 debellavit,
516 1185 715 1251 Pannoniam
743 1186 900 1269 vastarit,
936 1185 1067 1253 Simoen
1094 1186 1235 1267 transiit,

134 1298 229 1374 ,post
255 1289 392 1374 primam
417 1288 613 1354 eversionem
635 1287 753 1353 Troiae
775 1288 934 1354 secundus
956 1297 1141 1354 cruentator
1162 1311 1237 1374 per·

134 1393 301 1475 „accessit,
323 1415 407 1457 cum
421 1392 580 1458 Franco
603 1391 782 1457 etVasso
805 1392 873 1476 qui
894 1415 941 1456 ex
962 1393 1073 1479 regia
1094 1413 1234 1478 prosa·

135 1496 222 1581 ,pia
243 1504 522 1562 remanserant
544 1494 696 1560 certando
711 1493 887 1577 dimicavit,
908 1495 1049 1581 ipsisque
1063 1496 1234 1582 superatis,
1290 1558 1293 1565 .

135 1599 215 1682 ,llio
237 1598 341 1664 denuo
365 1606 472 1686 capto,
493 1599 649 1663 remeavit
670 1597 712 1662 ad
726 1595 883 1663 Urbem“.

222 1701 388 1784 „Francus
411 1702 494 1766 enim
516 1710 550 1766 et
571 1700 695 1766 Vassus
722 1700 835 1766 foedus
858 1701 944 1788 apud
965 1701 1112 1768 Albanos
1132 1703 1232 1787 impe-

134 1813 333 1889 „traverant3
371 1811 481 1869 mutuo
514 1813 679 1870 moventes
712 1804 888 1870 exercitum
920 1813 1033 1870 contra
1058 1804 1234 1870 Romulum

135 1918 306 1992 ,montana
318 1907 463 1973 Histriae
485 1915 685 1973 transeuntes
706 1908 844 1972 fixerunt
861 1907 1008 1990 tentoria,
1024 1915 1139 1973 contra
1153 1930 1234 1991 quos

134 2012 310 2095 „Romulus
332 2019 438 2076 castra
460 2010 609 2097 opponit;
632 2032 705 2076 curn
719 2010 847 2076 Franco
870 2020 903 2076 et
917 2010 1023 2076 Vasso
1041 2010 1147 2076 denuo
1168 2011 1233 2076 bel-

134 2114 276 2198 ,laturus
297 2115 483 2201 properavit
504 2115 538 2178 in
559 2123 699 2179 montem
722 2137 848 2180 sacrum
871 2137 1005 2199 arasque
1021 2113 1111 2179 Iovis
1131 2113 1233 2178 famo·

134 2219 307 2302 „sissimaa
352 2217 589 2304 Praeparantur
617 2217 659 2282 ad
684 2216 785 2282 aciem
806 2218 979 2305 perduellis
1000 2216 1102 2283 hostis
1124 2216 1233 2282 hostes

127 2323 292 2405 ,invicem
314 2320 511 2387 dimicantes·
544 2321 700 2387 Romulus
721 2330 796 2406 post
810 2320 1063 2386 cruentissimam
1076 2329 1232 2409 stragem,

134 2425 239 2508 „sicut
260 2426 434 2490 maximum
455 2434 600 2490 moverat
621 2425 813 2507 exercitum,
840 2425 943 2489 victor
966 2422 1072 2488 extitit
1094 2422 1232 2489 debella-

134 2537 305 2612 „turosque
328 2529 498 2614 superavit.
544 2528 690 2594 Francus
712 2536 746 2592 et
767 2527 890 2594 Vassus
916 2550 1044 2594 caesum
1066 2536 1233 2593 cernentes

134 2633 344 2715 „exercitum
371 2655 444 2697 cum
471 2633 583 2719 paucis
612 2632 667 2716 qui
692 2640 910 2696 remanserant
935 2653 993 2717 per
1017 2632 1128 2718 fugam
1149 2632 1233 2717 lapsi

134 2745 338 2818 „evaserunt3
360 2735 480 2802 Albani
505 2734 658 2820 prostrati
680 2743 776 2818 atque
798 2734 917 2800 devicti
939 2736 995 2821 qui
1016 2733 1153 2800 evadere
1174 2758 1232 2820 po-

134 2848 259 2923 ,terant
281 2863 302 2904 a
324 2839 422 2904 caede
443 2839 583 2903 maxima
603 2838 723 2901 reversi
745 2846 820 2902 sunt
842 2838 884 2902 ad
904 2838 1066 2923 propria“·

221 2944 397 3026 „Francua
419 2950 456 3005 ut
471 2940 619 3022 diximus,
643 2938 809 3005 etVassus
832 2940 975 3007 videntes
998 2964 1032 3007 se
1054 2951 1232 3027 superatos,

134 3055 272 3130 ,terram
300 3055 407 3111 autem
429 3043 582 3108 afflictam
604 3050 637 3108 et
658 3050 817 3108 vastatam
838 3045 872 3108 in
893 3044 1162 3129 solitudinemque
1183 3068 1233 3111 re-

134 3150 294 3233 „dactam,
315 3150 529 3232 relinquentes
551 3147 681 3232 propria
703 3169 775 3212 cum
797 3149 909 3233 paucis
931 3148 1093 3215 sodalibus
1112 3149 1171 3215 sed
1184 3151 1234 3214 ri-

134 3254 198 3336 „ris
226 3251 401 3337 expeditis,
430 3251 514 3334 pulsi
537 3272 556 3313 a
578 3249 670 3334 sede,
699 3252 809 3315 statim
830 3250 1000 3318 Rhaetiam
1028 3261 1234 3339 penetrantes

134 3355 196 3439 ,ad
210 3356 298 3419 invia
313 3361 346 3417 et
360 3352 489 3418 deserta
503 3351 697 3419 Germaniae
712 3363 933 3438 pervenerunt,
947 3356 1101 3440 laevaque
1118 3356 1234 3423 Maeo-

134 3457 239 3542 „tidas
256 3454 390 3542 paludes
405 3456 612 3540 dimittentes,
633 3480 721 3522 more
733 3456 930 3542 praedonum
945 3459 1081 3543 piratico
1101 3468 1134 3524 et
1149 3468 1232 3524 stro-

134 3560 257 3647 „phoso
273 3568 368 3643 atque
383 3559 543 3625 latronum
555 3560 718 3647 degentes,
735 3559 846 3623 urbem
859 3569 1061 3626 construunt:
1085 3560 1234 3629 Sicam-

134 3663 276 3746 „briam
298 3660 501 3728 barbarica
527 3686 594 3730 sua
614 3662 746 3750 lingua
767 3672 1004 3750 nuncupant,
1033 3663 1069 3729 id
1091 3654 1140 3730 est
1163 3665 1234 3753 gla-

134 3765 242 3849 ,dium
263 3774 296 3831 et
316 3787 435 3849 arcum,
457 3790 546 3833 more
560 3765 757 3851 praedonum
771 3769 1218 3853 extemorumquepositam“.

222 3867 397 3953 „Romulus
426 3868 515 3951 dein,
535 3869 708 3933 humanum
730 3868 839 3933 sitiens
861 3870 1064 3956 sanguinem,
1091 3871 1235 3937 hostium

134 3973 360 4056 „plurimorum
392 3981 578 4058 congestum
612 3971 769 4037 Histriam
803 3973 965 4058 ingressus
999 3995 1112 4039 cruore
1140 3982 1234 4040 tanto

134 4076 241 4158 „fuso,
270 4075 317 4138 ita
344 4083 380 4139 ut
401 4073 504 4140 undas
525 4075 631 4139 Histri
651 4073 808 4139 humanus
838 4096 932 4139 cruor
952 4086 1234 4163 praeoccupasset,

120 4178 290 4260 ,victoria
311 4184 439 4263 patrata
461 4200 536 4242 mox
559 4177 729 4243 Albaniam
751 4178 953 4264 peraccessit.
1007 4176 1138 4259 Quanta
1163 4203 1234 4246 cer-
