2752 4844
666 392 708 460 77

225 565 321 633 Cod.
345 567 595 634 Parisiensis
624 566 727 632 Bibl.
757 563 919 631 Notion.
949 565 1062 634 4126.
1092 563 1167 630 olim
1196 563 1239 627 si-

135 679 254 760 gnatus
277 671 373 740 3896.
398 679 492 739 antea
508 669 683 736 Oolbertin.
702 670 800 738 3120.
822 669 940 735 saeculi
957 667 1053 734 XIV.
1078 668 1237 734 mbranac.

135 775 169 840 in
191 775 278 840 folio.

223 878 351 944 Insunt:
375 876 525 964 Triginta
546 884 579 941 et
600 898 682 942 unus
699 883 858 942 tractatus
873 874 955 941 varii
970 875 1149 962 argumenti
1166 874 1237 960 (cfr.

136 982 267 1048 Aniceti
282 981 399 1047 Meloti
410 978 558 1067 Catalog.
574 989 652 1044 tom.
668 979 732 1064 ΠΙ,
752 981 865 1062 4126.)
882 981 916 1044 in
931 979 1047 1065 quibus
1057 975 1239 1043 Pseudo-

135 1085 304 1152 Aethici
333 1082 658 1171 Cosmographia
686 1105 769 1168 quae
797 1083 945 1170 explicit:
975 1082 1046 1167 „vel
1073 1103 1239 1145 numerum

136 1191 279 1277 gentium
307 1188 596 1254 commanentium“
610 1186 684 1269 201);
715 1224 757 1235 -
785 1185 978 1253 Insularium
1007 1184 1094 1270 quod
1121 1185 1155 1249 in
1177 1184 1239 1248 fine

134 1292 297 1358 Itinerarii
318 1292 476 1358 Antonini
498 1290 651 1355 maritimi
672 1289 838 1375 reperitur.

223 1396 264 1460 In
285 1395 348 1460 fine
369 1395 492 1481 primae
512 1394 587 1460 libri
608 1394 710 1459 nostri
732 1393 869 1482 paginae
886 1392 1042 1479 scriptum
1057 1399 1119 1456 est:
1147 1387 1239 1473 „Gu-

134 1499 260 1565 lielmus
283 1497 424 1564 Gecilius
446 1499 518 1563 mil:
541 1499 588 1564 D⁸
611 1498 651 1563 de
672 1498 860 1586 Burghley“
874 1499 941 1580 ²⁰²).
988 1492 1072 1560 Cum
1100 1493 1162 1558 hoo
1185 1515 1239 1557 co-

136 1602 209 1668 dice
230 1605 323 1668 eain
345 1608 380 1669 r'e
409 1603 612 1669 consentiunt
640 1602 728 1688 quod
749 1601 941 1667 Insularium
965 1596 1240 1684 Cosmographiae

136 1706 298 1772 adiectum
326 1706 477 1773 exhibent
506 1706 634 1773 codices
663 1704 746 1789 duo,
774 1705 830 1790 qui
857 1713 965 1770 tamen
992 1723 1057 1767 uno
1078 1700 1239 1766 volumine

135 1809 458 1899 comprehenduntur,
481 1810 618 1876 scilicet:

226 2015 321 2084 God.
343 2016 571 2085 Parisiensi
592 2016 707 2086 4840.
730 2015 908 2081 Baluziano
930 2022 1035 2099 antea,
1057 2014 1091 2079 in
1113 2022 1238 2100 quarto.

136 2122 279 2192 chartac.
304 2143 387 2199 saec.
407 2121 486 2189 XV.

223 2224 370 2310 Uterque
393 2223 669 2312 Oosmographiae
690 2222 772 2288 liber
794 2232 869 2310 post
890 2222 1003 2288 verba:
1036 2229 1090 2307 „et
1111 2221 1241 2288 domina

136 2333 292 2397 senatus“
322 2330 409 2394 nullo
443 2329 548 2415 spatio
583 2327 750 2393 interiecto
784 2327 977 2393 Insularium
1006 2327 1153 2410 exhibet,
1187 2325 1241 2390 oui

137 2434 267 2500 additur
295 2433 485 2519 opusculum
514 2432 588 2516 „De
615 2429 749 2516 Septem
776 2431 937 2496 montibus
965 2429 1054 2495 urbis
1083 2429 1238 2495 Romae“.

135 2537 189 2604 Ita
211 2546 317 2603 autem
340 2536 487 2602 omuibus
509 2536 543 2600 in
564 2534 661 2600 rebus
684 2534 896 2618 consentiunt,
918 2542 956 2599 ut
977 2555 1017 2598 ex
1033 2556 1097 2600 uno
1113 2532 1239 2600 eodem-

135 2665 199 2728 que
220 2642 309 2708 fonte
331 2662 495 2707 emanasse
517 2638 688 2705 videantur
699 2638 766 2720 ²⁰³).

655 2914 716 2980 IV.

224 3057 279 3121 Ex
299 3063 369 3121 toto
393 3055 507 3121 deinde
530 3053 678 3120 codicum
701 3055 756 3137 qui
778 3061 901 3120 restant
923 3076 1065 3136 numero,
1088 3061 1162 3118 srmt
1183 3077 1240 3119 au·

137 3169 203 3226 tem
218 3157 294 3242 lx,
315 3157 377 3222 hoc
398 3157 470 3222 loco
493 3165 631 3242 quatuor
655 3157 952 3243 comprehendimus
975 3157 1145 3242 dequibus
1161 3158 1240 3222 certi

137 3261 313 3348 quidquam
336 3261 489 3325 affirmari
510 3267 627 3347 potest

229 3367 257 3432 1.
304 3361 397 3431 cod.
428 3363 679 3431 Parisiensis
709 3364 826 3434 4806.
858 3366 977 3432 saeculi
999 3364 1045 3430 X.
1077 3365 1238 3431 mbranac.

135 3470 284 3535 foliorum
306 3471 361 3537 42.

224 3571 354 3638 Insunt:
400 3571 755 3640 Pseudo-Aethici
790 3572 1115 3663 Cosmographia
1148 3573 1240 3639 initio

136 3677 301 3757 mutilat'a3
332 3715 373 3724 —
402 3675 550 3742 Itinerar.
573 3678 745 3758 Antonini3
776 3717 819 3727 —
849 3675 988 3744 Carmen
1012 3677 1052 3743 de
1071 3678 1239 3743 Ecclesiae
1332 3676 1338 3687 “

135 3779 302 3846 Romanae
331 3779 556 3867 amplitudine3
587 3819 629 3831 -
657 3780 835 3869 Epitaphia
862 3780 984 3851 Leonis
1005 3780 1068 3846 IX.
1097 3790 1129 3848 et
1150 3781 1240 3849 Hen-

208 3958 277 4020 201)
297 3961 342 4010 cfr.
363 3960 473 4012 Gronov.
489 3962 549 4027 pag.
564 3961 623 4012 724.
1341 4024 1344 4029 ¹

208 4042 276 4107 202)
296 4047 341 4096 cfr.
359 4047 473 4098 Itinerar.
485 4049 581 4100 Anton.
600 4050 640 4100 ed.
657 4048 767 4113 Parthey
785 4056 811 4101 ct
828 4049 921 4101 Pinder
937 4065 996 4116 pag.
1008 4049 1078 4101 ΧΠ.
1097 4056 1123 4099 ct
1138 4047 1239 4098 D'Ave·

137 4133 235 4183 aecium
252 4133 269 4182 1.
283 4148 305 4183 c.
323 4149 381 4197 pag.
394 4131 455 4184 295.

125 4270 129 4275 ,
209 4215 279 4280 203)
297 4220 342 4271 cfr.
361 4220 548 4272 D'Aveaaeium
565 4223 582 4273 1.
595 4238 617 4273 c.
635 4236 693 4287 pag.
707 4219 766 4274 206.
