2752 4844
731 400 795 467 154

193 563 382 636 ’ὓοὶΠίωαω
405 571 584 656 absolvam,
612 572 755 660 Scythae
777 572 983 638 orientalibus
1005 573 1187 640 nationibus
1210 573 1312 639 adnu-

212 675 355 740 merandi
378 683 467 758 sunt,
489 684 527 741 ut
550 675 660 741 Hunni
683 685 715 742 et
737 677 901 763 Mongoh,
923 675 1062 763 Iazyges
1082 699 1159 743 vero
1180 675 1312 744 Sarma·

210 786 325 862 taeque
346 778 495 865 gentihus
517 780 556 845 iis
578 801 657 864 quas
680 779 815 863 Sclavos
836 780 932 845 hodie
957 780 1136 846 vocitamus
1148 783 1223 864 πῆς
1253 779 1312 846 has

211 889 317 946 autem
339 882 496 949 Histriam
519 892 552 949 et
572 884 770 949 Pannoniam
792 883 961 949 incoluisse
984 891 1107 949 certum
1129 892 1188 951 est

298 985 393 1050 Licet
420 987 503 1052 enim
532 986 572 1052 de
595 987 729 1071 uetustis
752 1009 861 1052 earum
882 987 1025 1074 gentium
1046 987 1122 1052 fatis
1144 985 1224 1051 nihil
1247 987 1312 1051 fere

211 1087 252 1152 ad
274 1111 333 1154 nos
354 1111 455 1173 usque
476 1091 658 1175 pervenerit
668 1093 742 1175 ³⁵⁸),
771 1112 850 1175 ques
879 1090 995 1175 quibus
1023 1091 1128 1156 causis
1150 1097 1312 1176 permotas

211 1200 243 1256 et
265 1214 403 1277 quonam
427 1199 569 1278 tempore
589 1193 755 1280 illyricum
778 1193 940 1260 obsedisse
962 1193 1167 1259 statuendum
1188 1193 1232 1259 sit
1251 1215 1311 1278 pro

210 1303 302 1362 certo
321 1318 386 1361 non
408 1297 636 1382 comperimus:
658 1306 766 1363 tamen
789 1296 929 1362 dubitari
949 1320 1014 1362 non
1035 1305 1159 1383 potest,
1182 1295 1312 1364 Sarma·

210 1406 260 1463 tas
276 1408 391 1483 quarto
412 1400 542 1464 iamiam
565 1403 692 1467 saeculo
707 1403 741 1468 in
756 1401 818 1466 illis
833 1401 1017 1488 regionibus
1031 1400 1204 1467 habitasse.
1236 1397 1311 1463 Non

209 1502 324 1585 loquor
345 1501 386 1568 de
409 1502 567 1570 Sarmatis
588 1504 627 1569 iis
650 1505 705 1589 qui
728 1525 812 1568 anno
833 1505 912 1572 334.
933 1527 953 1570 a
974 1505 1086 1587 servis,
1108 1505 1165 1589 qui
1187 1511 1220 1568 et
1236 1501 1311 1570 Sar·

210 1612 317 1669 metae
337 1605 538 1694 Limigantes
559 1609 778 1689 nominantur,
807 1607 913 1692 patria
938 1630 979 1673 ex
1007 1606 1083 1673 sede
1111 1607 1197 1694 pulsi
1226 1604 1310 1672 Con-

211 1710 342 1774 stantini
357 1708 473 1798 Magni
493 1710 697 1796 providentia
717 1710 751 1775 in
772 1711 955 1793 Pannonia,
978 1711 1135 1793 Thracia,
1156 1710 1311 1776 Macedo·

210 1813 264 1876 nia
286 1821 319 1877 et
340 1812 437 1878 Italia
458 1813 620 1879 domicilia
642 1816 920 1900 aeceperunttwl,
948 1822 981 1879 et
1002 1837 1082 1899 quos
1105 1812 1311 1899 Constantius

210 1914 391 2000 Imperator
412 1920 496 1982 a'nno
513 1919 589 1986 359.
611 1917 646 1981 in
666 1918 804 2004 patriam
825 1915 954 1983 reduxit
965 1921 1037 2001 ³⁶⁰);
1062 1917 1208 2002 quamvis
1230 1919 1311 1982 enim

210 2017 260 2083 M.
276 2018 390 2105 Haupt
401 2022 456 2104 ³⁶¹)
481 2043 554 2086 cum
577 2020 665 2086 hisee
686 2020 840 2086 Ethicum
862 2043 989 2105 quoque
1010 2021 1045 2086 in
1060 2020 1219 2087 Histriam
1241 2042 1312 2106 per·

211 2123 336 2188 venisse
359 2145 429 2188 eam
452 2125 494 2190 ob
517 2147 646 2190 oausam
669 2125 852 2207 coniecerit,
874 2124 961 2208 quod
976 2125 1074 2190 nohih
1088 2125 1241 2211 prosapia
1257 2145 1312 2210 pa·

211 2233 338 2290 rentum
353 2235 499 2292 exortum
515 2251 587 2294 eum
601 2229 699 2293 iiiisse
714 2227 931 2314 Hieronymus
949 2228 982 2292 in
994 2225 1310 2315 Oosmographiallll

211 2328 388 2414 praedicat,
409 2337 518 2396 tamen
538 2332 603 2396 iam
626 2341 701 2397 ante
723 2354 840 2397 annum
863 2332 937 2400 334.
961 2329 1114 2396 Ethioum
1136 2331 1170 2395 in
1188 2329 1312 2396 Histria

211 2432 330 2498 uixisse
352 2441 440 2498 certo
463 2435 581 2500 certius
602 2445 660 2501 est.
695 2433 784 2518 Quin
806 2435 903 2500 etiam
926 2435 988 2500 alic
1009 2435 1083 2500 loco
1104 2431 1312 2519 philosophus

211 2536 280 2622 ipse
302 2535 382 2601 dicit
403 2559 438 2604 se
459 2538 493 2602 in
514 2538 570 2603 illa
590 2538 756 2626 provincia
776 2547 887 2603 natum
910 2560 994 2618 esse3
1017 2536 1129 2604 scribit
1147 2536 1311 2620 enim³⁶³lz

214 2639 323 2724 „Quid
351 2641 477 2707 soboles
505 2643 653 2728 ignaviae
678 2664 769 2708 meae
790 2643 942 2707 meruerit
963 2664 1029 2707 non
1048 2641 1312 2728 praetermittam,

212 2767 310 2829 quum
337 2768 375 2811 eo
403 2753 548 2830 tempore
582 2745 736 2831 captivati
771 2745 812 2811 ab
838 2744 964 2811 Histria
993 2742 1167 2831 Cassiopas
1194 2744 1313 2810 insulas

283 2915 351 2978 357)
370 2919 424 2968 Has
441 2920 537 2975 resita
555 2934 611 2970 esse
623 2920 719 2983 primus
732 2921 843 2971 ostendit
855 2920 974 2972 Summus
986 2920 1179 2971 Niebuhrius
1195 2921 1213 2970 1.
1227 2936 1250 2971 c.
1268 2921 1311 2971 cir.

213 3006 363 3068 praesertim
380 3021 437 3070 pag.
451 3002 512 3056 394.
531 3004 591 3056 335.
601 3037 636 3046 -
649 3007 715 3057 Vide
733 3007 810 3057 etiam
827 3007 847 3056 Ι.
862 3005 989 3068 Grimm‚
1009 3006 1102 3058 Gesch.
1114 3007 1159 3058 der
1173 3007 1314 3058 deutschen

213 3091 333 3156 Sprache,
351 3093 372 3152 I,
390 3107 448 3156 pag.
461 3091 522 3144 228.
793 3085 796 3089 ’

284 3174 351 3237 ³58)
370 3178 416 3227 cfr.
434 3179 555 3241 Niebuhr,
574 3179 665 3229 Kleine
684 3179 811 3230 Schriften
828 3178 849 3239 I,
870 3192 928 3241 pag.
943 3176 1001 3228 388.
1039 3180 1113 3239 „Wie
1128 3180 1192 3230 aber
1210 3181 1251 3230 die
1269 3180 1313 3230 Er·

213 3267 322 3330 cignisse
340 3266 368 3314 in
386 3265 518 3328 Skythika,
536 3265 632 3314 welche
649 3266 722 3315 ihren
739 3264 876 3314 Ausbruch
893 3266 1080 3327 verursachten,
1098 3267 1148 3316 den
1166 3265 1313 3317 Geschicht-

212 3353 358 3403 schreibern
375 3352 527 3414 wenigstens
545 3365 594 3400 nur
610 3351 703 3401 hdchst
719 3351 925 3400 unvollkommen
938 3352 1051 3402 bekannt
1067 3366 1184 3416 genesen
1202 3368 1234 3403 aa
1252 3367 1313 3416 aeyn

212 3439 346 3498 schemen,
374 3453 403 3487 eo
427 3438 571 3500 schweigen
593 3438 630 3486 sie
653 3437 716 3486 iiber
739 3437 780 3486 die
802 3435 976 3500 Ausbreitung
998 3439 1044 3488 der
1061 3438 1240 3490 Sauromatem
1270 3437 1313 3488 sie

187 3578 193 3586 ,
213 3524 291 3574 laist
309 3523 378 3572 sich
396 3537 453 3572 nur
470 3522 690 3571 wahrnehmen
708 3523 768 3571 und
786 3521 944 3586 folgern“.

284 3603 351 3667 359)
370 3606 415 3656 cfr.
434 3606 563 3655 Ammian.
586 3607 726 3657 Marcellia
745 3607 833 3669 XVII,
857 3624 911 3672 cap.
933 3608 972 3659 12.
998 3607 1038 3659 13.
1062 3616 1087 3658 et
1109 3616 1225 3660 auctores
1250 3624 1313 3674 qnos

213 3695 286 3744 affert
305 3693 414 3753 Gibbon,
432 3693 449 3740 l.
462 3707 484 3740 e.
498 3706 553 3755 cap.
565 3692 660 3742 XVIII.
674 3689 746 3753 (tom.
758 3695 792 3756 Π,
810 3710 868 3758 pag.
882 3695 924 3756 35,
943 3703 995 3746 not.
1009 3692 1063 3757 45.)
1076 3725 1110 3734 -
1122 3695 1188 3747 Vide
1197 3696 1313 3760 Kopitar‚

214 3779 313 3843 Glagol.
332 3779 445 3829 Cloaian.
464 3793 522 3841 pag.
534 3779 629 3828 XXX²
646 3787 673 3829 et
689 3779 824 3832 Lxxvie.
1037 3832 1041 3841 ,

283 3861 352 3924 360)
372 3865 416 3913 cfr.
441 3865 586 3916 testimonia
607 3872 719 3917 veterum
740 3868 807 3931 apud
827 3867 928 3919 Gibbon
946 3867 962 3915 l.
981 3882 1006 3924 c,
1022 3881 1077 3931 cap.
1094 3868 1165 3919 XIX.
1191 3862 1269 3929 (tom.
1281 3867 1313 3926 11,

212 3968 269 4016 pag.
286 3949 343 4000 147.
362 3958 414 4000 not.
431 3946 485 4011 47.)
623 3981 625 3987 ‹

284 4033 351 4096 361)
370 4037 387 4087 l.
401 4052 423 4086 c.
442 4051 499 4100 pag.
514 4036 530 4088 9
549 4046 575 4088 et
594 4037 634 4088 10.

284 4120 351 4184 332)
370 4139 427 4188 pag.
442 4123 501 4174 541.

285 4207 352 4271 363)
371 4211 416 4260 cfr.
436 4211 554 4260 Ethicum
571 4224 629 4273 pag.
643 4207 703 4270 534,
722 4224 744 4258 v.
760 4207 800 4260 13.
814 4224 869 4272 sqq.
