2752 4844
731 403 792 473 156

211 577 327 645 deinde
354 587 500 665 tempora
523 578 736 665 Imperatores
758 578 975 646 Romanorum
1003 580 1131 666 saepius
1153 578 1312 647 Sarmatis

138 749 140 752 Α
209 689 243 747 et
263 681 437 770 Iazygibus
459 682 551 769 signa
572 680 768 768 inferebant,
794 692 832 748 ut
852 685 996 766 Probus,
1024 681 1130 750 Carus
1140 684 1216 766 ⁸⁷⁰),
1247 682 1312 765 alii,

210 782 287 849 dum
313 793 389 870 post
416 785 578 851 saeculum
606 794 756 870 quartum
778 809 842 853 non
863 787 966 854 solum
987 786 1170 874 Illyricum,
1199 807 1312 877 verum

208 888 305 953 etiam
326 886 507 972 Dalmatia,
528 889 712 974 Pannonia,
741 898 837 976 atque
863 891 1033 958 Histriae
1061 889 1188 957 Solaria
1215 890 1312 956 oocu-

207 999 305 1079 patae
326 1000 401 1058 snut
414 994 482 1077 ³⁷¹).

297 1094 392 1180 Quae
418 1117 517 1180 quum
543 1096 590 1160 ita
615 1117 651 1161 se
671 1094 812 1162 habeant
834 1097 994 1182 seqnitur,
1020 1105 1057 1162 ut
1078 1095 1234 1162 Ethicum
1254 1117 1310 1161 na-

208 1199 295 1266 tione
310 1199 492 1266 Sarmatam
513 1200 611 1265 fuisse
628 1199 856 1266 concedamus:
881 1199 1048 1268 Sarmatas
1062 1207 1169 1265 autem
1184 1197 1310 1267 Sclavis

208 1303 464 1369 adnumerandus
491 1325 561 1370 esse
589 1311 713 1368 certum
740 1311 798 1368 est.
844 1303 906 1369 His
927 1304 1026 1390 igitur
1053 1303 1158 1369 causis
1184 1301 1309 1367 in'duci·

206 1430 295 1490 mur,
318 1415 356 1472 ut
376 1408 500 1474 litteras
522 1407 563 1473 ab
585 1406 705 1472 Ethioo
726 1407 873 1472 inventas
895 1430 915 1471 a
937 1405 1141 1495 Glagohticis
1163 1405 1309 1492 apicibus

206 1509 294 1575 hand
314 1511 448 1583 multum
471 1510 640 1576 abhorrere
663 1510 877 1595 suspicemur;
906 1533 1003 1595 quam
1024 1533 1092 1576 rem
1113 1520 1151 1576 ut
1171 1510 1219 1575 ita
1241 1532 1309 1576 esse

206 1613 422 1698 ostendamus,
444 1612 648 1701 paragrapho
669 1615 813 1698 sequenti
830 1615 997 1699 utriusque
1011 1614 1174 1702 alphabeti
1189 1615 1307 1680 formas

207 1726 240 1782 et
261 1726 408 1784 naturam
429 1718 538 1805 paullo
560 1717 743 1783 accuratius
764 1717 1029 1805 comparabimus.

716 1963 748 2060 §1
771 1973 803 2040 2.

206 2131 467 2186 cmconmcns
482 2131 575 2194 ovas
587 2132 725 2183 mavur
736 2133 907 2198 immons
918 2132 967 2184 nn
978 2131 1176 2183 nnunnmrs
1188 2130 1307 2183 nrmcr

466 2212 639 2270 amasses
657 2217 730 2270 non
747 2220 937 2272 nnnunnns
954 2220 1045 2272 ussa.
1157 2296 1159 2301 Ι
1209 2278 1215 2294 J
1287 2243 1291 2249 -

291 2356 402 2425 Ethici
422 2357 566 2442 litterae,
595 2358 656 2424 etsi
683 2358 813 2443 reliquis
839 2359 893 2445 qui
914 2382 1020 2425 rerum
1042 2357 1305 2426 Solanonicarum

203 2461 448 2548 investigatores
477 2461 652 2527 extiterunt
686 2463 886 2550 maumites,
918 2471 1027 2529 tamen
1059 2461 1148 2528 haud
1175 2464 1305 2550 ignotae

203 2564 343 2630 erantV.
353 2563 407 2642 Ch
417 2565 666 2631 Bartholomaeo
678 2565 840 2653 Kopitari„
872 2564 938 2648 Qui
951 2589 1009 2652 per
1022 2565 1172 2631 comitem
1187 2564 1305 2633 Castil-

201 2664 360 2733 lionaeum
376 2666 416 2733 de
430 2668 577 2734 Hrabani
590 2667 700 2735 Mauri
722 2669 794 2735 loco
816 2671 934 2735 certior
946 2670 1061 2752 factus,
1083 2667 1305 2757 quo-Mogun-

203 2769 288 2836 tinns
314 2771 368 2836 ille
392 2771 585 2853 clarissimus
613 2773 872 2862 archiepiscopus
895 2775 936 2858 (ᾧ
950 2772 1045 2856 847.)
1068 2769 1305 2864 Cosmographi

201 3014 305 3103 ἕτερον
322 3033 436 3098 συχνοὶ
453 3031 658 3105 παραδώσοντες
676 3032 788 3092 ἑαυτοὺς
806 3036 833 3086 οἱ
849 3035 897 3102 μὲν
914 3015 983 3084 aava
998 3035 1057 3100 γένη
1074 3035 1102 3083 οἱ
1112 3033 1140 3083 δὲ
1151 3033 1225 3085 κατὰ
1237 3037 1304 3101 ἔθνη

201 3115 418 3189 ὶπρεσβεὺσαντο.
453 3122 499 3171 καὶ
522 3115 609 3173 αὖτῶν
632 3124 659 3173 ot
679 3123 728 3189 ptr
749 3118 962 3190 ἐστρατεύσαντο
985 3113 1081 3171 ἄλλοσέ
1099 3138 1145 3170 ποι
1163 3122 1304 3188 πεμφθέν-

201 3224 244 3263 τες
262 3241 325 3258 .....
344 3209 371 3257 οἶ
389 3207 416 3257 δὲ
433 3207 479 3256 καὶ
495 3203 543 3273 γῆν
562 3210 589 3258 οἱ
605 3209 654 3274 μὲν
670 3209 696 3258 ἰν
714 3203 804 3272 Auxiu
825 3208 852 3256 οἱ
870 3207 896 3257 δὲ
915 3209 941 3256 ἓν
958 3205 1095 3272 Παννονίρ
1114 3207 1140 3254 οἱ
1157 3205 1184 3256 ee
1204 3207 1304 3274 Μυσίᾳ

200 3290 246 3343 καὶ
263 3293 400 3362 Γερμανίᾳ
417 3289 455 3362 τῇ
473 3311 507 3345 τε
521 3284 648 3358 Ἰταλίᾳ
665 3285 749 3360 αὐτῇ
766 3293 891 3356 ἔλαβον.
918 3291 971 3341 καὶ
989 3284 1094 3343 αὐτῶν
1112 3286 1303 3360 ἔνῬαβέννῃ

200 3377 474 3437 τινὲςόὶκοῦντες
495 3379 674 3446 ἐνεωτέρισαν,
692 3371 759 3429 ὥστε
778 3379 823 3428 καὶ
841 3375 889 3444 τὴν
907 3372 982 3428 πόλιν
1000 3382 1142 3440 κατασχεῖν
1160 3373 1303 3444 τολμῆσαι.

200 3464 245 3513 καὶ
272 3462 318 3514 διὰ
340 3457 417 3514 τοῦτ’
438 3457 525 3514 οὐκέτ’
543 3463 569 3521 ἐς
592 3461 639 3529 τὴν
660 3457 776 3514 Ἰταλίαν
799 3454 895 3513 οὐδένα
917 3459 969 3513 τῶν
990 3457 1130 3533 βαρβάρων
1155 3448 1302 3529 εἰσήγαγεν,

200 3544 352 3600 ἀλλὰκαὶ
369 3546 448 3606 τούς
465 3551 731 3617 προαφνγμένους
749 3543 905 3615 ἐξῴκισε”ν.

271 3660 337 3726 370)
357 3664 403 3715 cfr.
412 3664 553 3728 Vopiscum
571 3666 597 3718 in
612 3667 662 3718 vita
671 3665 731 3719 Cari
742 3668 860 3731 Imperat
879 3681 933 3730 cap.
943 3665 1012 3717 VIII.
1026 3675 1051 3716 ot
1062 3665 1163 3723 Gibbon
1175 3682 1232 3732 cap
1242 3669 1301 3720 ΧΠ.

199 3751 271 3814 (tem.
283 3751 305 3813 1,
322 3765 381 3815 pag.
394 3747 465 3812 345).

269 3863 336 3929 371)
354 3869 396 3918 De
413 3869 487 3926 rebus
506 3871 583 3933 gestis
601 3868 748 3920 sclavorum
765 3868 824 3917 inde
842 3869 961 3933 oprimis
979 3869 1150 3932 temporibus,
1168 3876 1195 3918 ot
1211 3870 1244 3919 de
1265 3871 1300 3920 fa-

198 3957 229 4007 tis
242 3955 353 4005 ffistriaa
364 3963 391 4005 et
403 3956 548 4006 Pannoniae
565 3955 748 4017 regionumque
764 3954 934 4005 adiacentium
952 3953 997 4004 cfr.
1009 3955 1225 4005 accuratissimam
1236 3955 1299 4020 Ant

197 4042 312 4092 Linharti
330 4044 569 4092 commentationem
592 4041 632 4089 cui
656 4040 742 4090 titulus
761 4046 811 4090 est:
841 4040 972 4099 „Versuch
990 4041 1060 4113 einer
1078 4040 1231 4092 Geschichto
1249 4058 1300 4094 von

198 4127 278 4178 Krain
301 4130 352 4179 und
375 4129 420 4178 der
440 4127 547 4188 tibrIgen
569 4124 701 4175 sidlichen
722 4124 815 4177 Slaven
838 4124 1037 4177 OesterreIchs“.
1077 4127 1196 4178 Laibaeh
1220 4127 1298 4178 1788.

197 4213 214 4265 2
233 4216 300 4267 Voll.
319 4209 357 4275 8⁰,
376 4213 420 4264 ubi
437 4211 495 4262 ride
511 4210 607 4262 tomi
626 4217 731 4262 exuent
