2752 4844
667 389 736 483 145·

144 567 218 652 quis
240 574 290 632 est
312 565 389 650 quin
416 561 457 628 de
483 562 606 630 famoso
634 563 690 629 illo
711 563 889 630 Alanorum
916 562 999 630 duce
1026 563 1164 652 cogitet,
1193 567 1248 652 qui

142 671 208 736 iam
231 667 390 735 Gratiano
417 667 593 753 imperante
620 669 664 752 (†
681 689 781 735 meus.
805 669 946 754 August
973 667 1049 732 anni
1063 669 1153 752 383.)
1183 670 1248 738 cla-

143 795 215 857 rus,
243 781 277 838 et
304 780 379 858 post
400 769 654 837 cruentissimam
676 770 817 843 Maximi
841 769 966 837 cladem
993 769 1081 857 apud
1109 770 1247 840 Sisciam

143 876 178 941 iu
200 876 369 942 Pannonia
388 872 571 961 Legionum
591 870 791 940 Gallicarum
812 896 896 968 anno
918 874 994 961 388.
1017 873 1084 940 dux
1106 899 1127 941 a
1140 876 1248 943 Theo-

144 979 237 1047 dosio
259 978 452 1046 constitutus
463 978 539 1061 ⁸⁸⁶),
560 1000 636 1044 mox
657 1000 741 1043 anuo
764 979 840 1048 392.
862 977 1123 1044 Valentinianum
1144 980 1247 1046 iunio·

142 1106 212 1149 rem
235 1082 323 1170 apud
333 1081 495 1148 Viennam
516 1081 745 1169 strangulavit3
768 1081 826 1149 sed
847 1103 930 1146 auno
949 1082 1025 1152 394.
1040 1104 1150 1149 mense
1164 1081 1246 1171 Sep—

142 1185 259 1251 tembri
295 1183 382 1271 apud
410 1184 594 1269 Aquileiam
627 1207 649 1250 a
678 1183 863 1252 Theodosio
896 1208 1006 1273 pugna
1036 1184 1183 1254 devictus
1210 1208 1246 1255 se

141 1291 246 1377 ipsum
267 1288 428 1355 interfecit
438 1291 505 1373 ³³⁷).

229 1427 322 1492 Haec
350 1434 459 1491 tamen
480 1427 515 1491 in
535 1427 659 1490 incerto
680 1424 905 1508 relinquimus,
934 1447 1032 1510 quum
1059 1447 1169 1493 omnes
1190 1448 1245 1493 co·

141 1529 230 1596 dices
251 1529 473 1595 Alexandrum
494 1529 654 1618 Magnum
675 1527 853 1594 Theodosii
873 1529 946 1594 loeo
968 1530 1166 1615 praeferant3
1188 1551 1244 1596 ne·

141 1656 205 1718 que
225 1624 360 1699 multum
383 1656 424 1699 ex
446 1656 486 1700 ea
506 1632 703 1723 rependere
724 1631 867 1715 videtur,
894 1633 1083 1719 praesertim
1104 1634 1182 1718 quia
1203 1656 1244 1699 ex

140 1736 271 1821 reliquis
292 1758 374 1819 quae
396 1737 560 1801 attulimus
580 1735 644 1800 iam
665 1743 810 1822 apparet,
831 1732 1120 1823 Cosmographiam
1131 1735 1243 1802 Ethici

141 1847 215 1903 ante
244 1860 361 1902 annum
389 1839 465 1907 381.
495 1839 583 1903 nullo
610 1837 708 1903 modo
735 1839 835 1903 fluisse
861 1860 1001 1904 versam:
1029 1849 1062 1905 et
1083 1841 1167 1905 infra
1187 1838 1243 1906 de·

139 1940 404 2019 monstrabimus,
438 1963 538 2005 unum
569 1960 696 2025 quoque
723 1941 831 2004 locum
857 1941 893 2004 in
920 1963 959 2006 eo
986 1941 1069 2008 libro
1095 1943 1243 2026 inveniri,

139 2045 196 2129 qui
216 2052 293 2131 post
315 2046 433 2108 annum
455 2045 530 2113 396.
553 2043 693 2131 scriptus
713 2042 765 2108 sit

227 2179 354 2247 Deinde
382 2204 459 2246 vero
487 2206 570 2249 anno
598 2182 675 2252 416.
703 2181 913 2247 recentiorem
941 2203 1006 2246 non
1029 2204 1115 2266 esse,
1141 2204 1182 2248 ex
1203 2205 1242 2249 eo

138 2284 328 2373 intelligitur
350 2283 437 2369 quod
459 2285 584 2374 Pelagii
606 2308 722 2350 nomen
743 2272 886 2351 noudum
907 2285 1080 2372 reperitur,
1103 2286 1159 2370 qui
1180 2285 1243 2352 hoc

138 2388 210 2476 ipso
233 2411 316 2453 auno
338 2387 561 2454 haeresiarcha
580 2389 700 2455 extitit.
745 2386 834 2470 Quin
857 2390 954 2463 etiam
975 2389 1111 2455 fortasse
1133 2378 1242 2455 dieen-

138 2490 216 2557 dum
239 2500 298 2574 est,
322 2488 611 2580 Cosmographiam
634 2499 708 2556 ante
731 2514 848 2556 annum
864 2492 939 2560 409.
963 2513 1150 2557 conversam
1172 2514 1242 2558 esse

138 2596 171 2659 in
193 2595 345 2680 latinum,
374 2596 450 2682 quia
475 2596 589 2663 eodem
610 2605 754 2682 tempore
776 2592 905 2681 Syriam
927 2594 959 2658 in
982 2617 1039 2659 sex
1060 2594 1242 2681 provincias

138 2698 274 2764 divisam
294 2699 393 2765 fluisse
415 2700 533 2766 scimus
548 2700 617 2784 ³³⁸),
640 2699 730 2764 cuius
752 2697 800 2764 rei
822 2696 908 2786 apud
929 2696 1084 2762 Ethicum
1104 2697 1243 2787 vestigia

137 2801 225 2866 nulla
252 2802 456 2869 inveniuntur
466 2804 535 2888 ³⁸⁹).
590 2802 701 2886 Quare
728 2798 1001 2890 Cosmographia,
1031 2824 1129 2887 quum
1156 2801 1243 2867 intra

138 2927 238 2970 annos
261 2905 336 2974 396.
360 2915 393 2972 et
414 2907 490 2975 409.
513 2906 669 2973 translata
690 2904 748 2990 sit,
774 2905 855 2970 nihil
877 2905 1008 2973 obvium
1030 2914 1096 2987 est,
1118 2904 1243 2990 quomi-

136 3030 198 3073 nus
226 3031 246 3072 a
274 3005 308 3074 S.
329 3007 530 3096 Hieronymo
554 3011 596 3096 (†
609 3010 706 3091 420.)
730 3030 917 3074 conversam
941 3032 1012 3074 eam
1034 3030 1104 3075 esse
1127 3028 1242 3095 conce·
1313 3002 1317 3009 ’

137 3111 261 3175 damus.

224 3243 289 3310 ΙΠ.
325 3242 462 3310 Condat
476 3243 593 3310 librum
607 3242 719 3310 Ethici
739 3243 868 3309 saeculo
889 3251 1005 3328 quarto
1027 3253 1164 3311 exeunte
1185 3254 1242 3311 aut

137 3351 265 3414 ineunte
280 3348 393 3433 quinto
408 3371 429 3414 a
442 3347 583 3432 quodam
598 3348 715 3414 clerieo
733 3347 922 3427 translatum
943 3369 1029 3428 esse3
1050 3347 1127 3414 iam
1148 3371 1241 3416 vero

137 3461 284 3537 restat,
312 3460 356 3519 ut
385 3452 578 3519 clericum
605 3452 721 3518 illum
750 3451 871 3517 alium
898 3451 1090 3517 neminem
1112 3451 1242 3518 fuisse

136 3555 411 3641 ostendamus,
429 3555 521 3623 nisi
547 3555 678 3643 ipsum
707 3553 1013 3624 Stridonensem
1037 3555 1241 3642 Hierony·

137 3683 247 3727 mum.

208 3854 276 3918 330)
300 3856 346 3906 cfr.
363 3855 465 3908 Gibbon
481 3857 499 3907 l.
516 3871 539 3906 c.
558 3870 613 3919 cap.
625 3856 733 3907 xxvn.
753 3851 827 3914 (tom.
837 3855 889 3917 111,
900 3870 960 3920 pag.
971 3853 1015 3904 41.
1033 3863 1060 3907 et
1077 3853 1133 3919 57.)
1146 3886 1181 3899 -
1192 3857 1239 3908 cfr.

138 3945 214 3995 etiam
232 3941 318 3993 Orosii
335 3943 379 3991 66.
391 3943 449 4004 VII,
467 3957 523 4006 cap.
536 3939 578 3992 35.
598 3937 652 4002 (ed.'
662 3941 830 4006 Haverkamp‚
848 3957 906 4006 pag.
920 3939 980 3990 559.
993 3939 1062 4004 sqq.)

209 4026 276 4089 337)
295 4028 341 4079 cfr.
360 4026 463 4078 Gibbon
480 4027 532 4077 Le.
550 4043 608 4092 pag.
622 4026 665 4077 01.
701 4025 822 4078 Orosium
839 4027 892 4078 Le.
909 4042 968 4092 pag.
980 4026 1041 4078 561.

209 4111 277 4176 338)
295 4114 342 4165 cfr.
359 4113 468 4175 Becker,
484 4114 559 4164 Rdm.
577 4114 751 4166 Alterthdmer
767 4120 817 4166 ete.
835 4122 897 4166 tom.
909 4115 955 4178 ΠΙ,
973 4114 1068 4180 partl,
1091 4127 1118 4177 p.
1129 4109 1240 4176 20⁰.sq.

210 4196 278 4261 339)
297 4200 343 4252 cfr.
361 4199 555 4266 Ethieumoag.
568 4199 629 4263 537,
648 4199 673 4252 7.

999 4278 1041 4346 10
