2752 4844
728 393 791 462 1Ὶο

207 569 485 650 Assemanni⁴⁴⁶),
508 565 837 651 Grubissichius⁴⁴⁶l,
860 566 986 632 Durich
999 569 1073 651 ⁴⁴⁷),
1095 567 1310 652 Dobner⁴⁴⁸),

206 669 294 736 haud
322 670 514 759 negligenda
542 679 592 737 est
620 670 778 736 sententia
806 669 984 737 doctissimi
1004 671 1066 736 viri
1087 671 1219 758 Iosephi
1241 671 1310 738 Do·
1340 744 1344 756 ,

206 772 319 839 brovii.
354 774 447 839 Dicit
468 775 552 840 enim
573 774 697 840 litteras
712 773 924 862 Glagolitioas
942 774 1163 858 antiquissimo
1182 796 1310 867 rumore

206 876 250 943 ad
271 878 469 943 inventorem
491 876 724 965 Hieronymum
750 877 863 943 reduci
874 879 949 959 ⁴⁴⁹),
975 876 1172 963 eandemque
1195 900 1310 943 vanam

170 1040 173 1046 ,
206 979 395 1066 opinionem
410 1003 512 1066 usque
534 982 568 1046 in
589 981 751 1047 Matthaei
774 978 947 1046 Cenomani
969 988 1116 1066 tempora
1136 990 1169 1047 et
1192 1004 1309 1049 annum

209 1085 303 1152 1753.
328 1083 415 1168 apud
436 1085 504 1151 eius
526 1085 632 1173 gentis
653 1084 1040 1174 hominesviguissa⁴⁵⁰).
1080 1083 1209 1151 Deinde
1233 1108 1309 1171 quo-

207 1202 269 1272 que
298 1188 385 1274 apud
412 1188 451 1252 F.
475 1190 638 1277 Angelum
659 1188 838 1271 noeman
862 1186 997 1273 legimus
1021 1186 1160 1272 ,habere
1181 1197 1309 1279 gentem

205 1291 294 1360 illam
315 1291 445 1376 missas,
468 1291 613 1358 codicem
636 1291 814 1374 horarium,
843 1298 1030 1376 ceterasque
1051 1291 1178 1358 divinas
1198 1315 1310 1380 preces

206 1392 337 1480 lllyrica
360 1396 559 1482 conscriptas
574 1397 683 1484 lingua
698 1396 739 1460 ab
754 1395 900 1460 omnibus
916 1393 1077 1461 Dalmatis
1090 1396 1256 1461 intellecta
1268 1429 1307 1462 c..

207 1519 274 1563 eas
304 1506 434 1564 autem
457 1523 477 1564 a
499 1498 652 1567 Sancto
680 1500 927 1586 Hieronymo
955 1500 1167 1586 accepisse
1195 1500 1310 1566 illius

206 1603 388 1690 regionis
421 1603 578 1669 incolas
611 1598 828 1689 persuasos
861 1603 921 1667 ita
954 1625 1058 1687 esse,
1094 1611 1140 1669 ut
1172 1604 1309 1691 potius

207 1705 327 1770 armis
354 1729 489 1774 omnes
518 1706 721 1793 disperire
749 1706 907 1789 malint,
948 1728 1063 1791 quam
1091 1729 1158 1774 eas
1185 1691 1309 1775 relin-

208 1812 366 1894 quere“.
412 1796 504 1876 Idem
533 1810 612 1876 dicit
639 1811 660 1876 l.
681 1833 709 1876 c.
737 1834 811 1898 pag.
835 1811 916 1880 319:
954 1808 1181 1894 „Slavonieum
1204 1819 1311 1877 autem

208 1911 432 1998 alphabetum,
460 1915 578 1981 licata
600 1913 635 1983 S.
657 1915 858 2002 Hieronymo
880 1915 1047 1980 inventum
1067 1914 1167 1982 fuisse
1189 1914 1310 1981 dictum

208 2016 267 2100 sit,
298 2026 340 2083 ut
367 2042 500 2085 rumor
528 2017 666 2102 docet,
698 2018 761 2085 hoo
790 2027 898 2084 tamen
926 2017 1018 2083 loco“
1048 2025 1110 2085 etc.
1161 2019 1310 2105 Denique

208 2123 370 2187 communi
392 2121 581 2191 Sclavorum
603 2122 752 2208 opinione
775 2121 980 2209 alphabetum
999 2119 1230 2208 Glagolitioum
1252 2147 1310 2211 pro

207 2223 460 2311 Hieronymiauo
487 2223 599 2292 haberi
627 2233 787 2292 testantur
815 2226 870 2311 qui
895 2225 1067 2291 novissime
1089 2225 1241 2294 dehisce
1262 2251 1310 2293 re-

207 2327 268 2394 bus
297 2329 471 2394 sententiaa
503 2328 688 2412 ediderunt,
721 2329 989 2395 Bartholomaeus
1017 2329 1244 2417 Kopitar⁴⁵²),
1280 2338 1311 2396 et

207 2431 383 2498 Mauritius
404 2432 518 2520 Haupt
533 2434 600 2516 ⁴⁵⁸).

298 2534 365 2618 Qui
382 2535 522 2622 ¹quidem
547 2537 712 2623 popularis
740 2560 849 2604 rumor
877 2560 917 2604 ex
946 2560 1010 2623 quo
1037 2538 1125 2604 fonte
1153 2546 1250 2604 natus
1270 2537 1310 2603 ait

279 2802 347 2865 445)
366 2805 520 2854 Kalendaria
531 2804 662 2855 Ecclesiae
679 2806 867 2856 universae
880 2808 978 2858 Romae
992 2806 1067 2857 1755.
1090 2805 1136 2857 VI.
1149 2804 1217 2856 Voll.
1229 2794 1257 2856 iri
1270 2798 1309 2855 4⁶.

208 2891 251 2940 ubi
270 2891 326 2940 vide
345 2898 406 2940 tom.
424 2891 469 2940 IV.
487 2905 546 2955 pag.
559 2889 619 2940 408.

280 2987 349 3051 446)
368 2993 385 3041 1.
399 3007 421 3041 c.
439 3007 498 3056 pag.
511 2990 536 3042 5.
555 3000 602 3042 ete.

280 3089 348 3152 447)
366 3091 383 3142 l.
397 3107 419 3142 o.
438 3089 460 3152 §.
473 3093 505 3142 V.
523 3107 581 3156 pag.
595 3091 620 3141 5.

279 3189 348 3254 tra)
367 3178 384 3242 1'.
397 3209 418 3243 c.
436 3208 495 3257 pag.
510 3189 568 3243 106.
581 3194 635 3244 ina.

279 3292 349 3355 449)
369 3295 414 3345 alr.
434 3275 587 3358 Glagolitica
603 3309 661 3358 pag.
675 3292 704 3342 9:
728 3295 786 3352 „die
805 3294 893 3344 tlteste
911 3295 1034 3360 Meinung
1056 3296 1174 3346 hieriiber
1194 3297 1228 3344 ist
1245 3297 1312 3346 wohl

210 3383 293 3442 diese,
316 3381 372 3430 dass
395 3381 461 3431 nach
484 3383 542 3431 dem
561 3380 697 3444 Vorgeben
708 3381 760 3429 der
779 3379 936 3445 Glagoliten,
960 3383 983 3432 d.
1000 3384 1018 3432 i.
1038 3382 1184 3447 derjenigen
1201 3381 1312 3433 mester

208 3469 235 3517 in
258 3468 417 3540 Dalmatico,
440 3469 482 3518 die
504 3483 549 3517 aus
573 3467 747 3517 slavonischen
769 3468 891 3518 Missalen
913 3471 980 3520 nach
1002 3471 1060 3520 dem
1077 3469 1222 3519 rdmischen
1239 3469 1312 3519 Ritus

209 3555 250 3604 die
268 3554 354 3605 Messe
371 3555 450 3616 lesen,
468 3554 514 3603 der
531 3554 557 3603 h.
575 3554 745 3618 Hieronymus
763 3554 808 3602 der
825 3555 942 3605 Erfinder
959 3554 1005 3605 der
1021 3554 1215 3618 glagclitisehen
1232 3553 1312 3605 Litte-

209 3647 279 3691 ratur
301 3642 346 3691 sei.
392 3641 504 3692 Gleieh
531 3639 581 3689 bei
609 3641 663 3688 der
690 3647 796 3690 ersten
823 3642 1119 3704 Bekanntwerdung
1142 3641 1312 3691 derselben

209 3728 311 3778 haben
329 3730 374 3779 sie
393 3727 475 3778 diels
494 3727 1089 3794 behauptetodervorgegeben“.-ctr.
1103 3729 1180 3779 etiam
1191 3727 1311 3801 Inatitntt

208 3815 269 3879 ling.
288 3815 371 3866 Slavic
389 3829 445 3878 cap.
458 3815 478 3863 1.
496 3812 519 3873 5.
532 3814 564 3863 V.
582 3829 640 3878 pag.
655 3814 679 3864 5.

221 3929 223 3934 ’
280 3914 350 3978 450)
370 3917 522 3980 Glagolitica
538 3933 596 3983 pag.
611 3915 652 3967 10.

281 4016 349 4079 454)
368 4020 386 4067 l.
399 4035 421 4069 c.
440 4026 501 4069 tom.
514 4020 547 4083 Π,
565 4036 623 4085 pag.
636 4007 696 4070 246.
705 4065 719 4089 ,

280 4116 349 4179 452)
369 4118 488 4183 Glagolit.
509 4121 622 4173 Clozian.
640 4137 699 4186 pag.
712 4122 762 4172 X·.
776 4136 831 4185 sqq.

280 4216 348 4280 453)
368 4221 385 4271 l.
398 4237 419 4271 c.
438 4239 496 4288 pag.
511 4222 535 4274 8.
