2752 4844
670 417 714 484 44

669 678 714 742 Π.

232 786 328 861 Οοᾶ.
341 793 541 860 Romanus
557 792 849 861 Casanatensis
863 796 906 860 A.
918 795 965 879 Π,
980 797 1033 864 34.
1050 816 1135 863 saec.
1149 797 1249 875 le,

142 899 355 966 membranae.
402 896 532 965 Omisso
553 897 680 963 nomine
703 898 842 964 auctoris
863 899 992 985 incipit:
1019 900 1141 982 „Iulius
1164 899 1250 968 an-

141 1024 193 1066 sar
223 1001 395 1067 bissextilis
426 1000 558 1067 rationis
588 1001 751 1084 inventor,
780 1001 896 1068 divinis
918 1001 1128 1087 humanisque
1150 1004 1249 1070 rebus

140 1106 343 1193 singulariter
365 1105 551 1186 instructus,
576 1126 649 1170 cum
672 1106 783 1170 consul
806 1113 875 1171 erat
897 1106 1020 1172 censuit
1042 1129 1171 1190 omnem
1196 1131 1249 1172 01·-

139 1207 213 1273 bem
236 1207 383 1273 admetiri
405 1231 470 1293 per·
485 1207 748 1293 prudentissimos
770 1209 866 1274 viros.
897 1208 930 1273 A
945 1210 1113 1275 consulatu
1135 1212 1248 1296 itaque

140 1309 179 1378 O.
195 1311 270 1376 Iulii
285 1320 317 1376 et
327 1309 377 1374 M.
390 1310 526 1376 Antonii
541 1332 627 1376 cons.
642 1334 743 1397 usque
758 1310 801 1377 ad
815 1312 1013 1378 consulatum
1024 1313 1170 1400 Augusti
1180 1314 1245 1380 ΠΙ.

140 1424 173 1480 et
188 1413 309 1497 Crassi,
332 1413 436 1479 omnis
451 1410 568 1479 Oriens
591 1414 753 1480 dimensus
776 1424 825 1481 est
848 1416 938 1482 annis
955 1418 1008 1484 21.
1031 1415 1196 1484 mensibus
1215 1423 1245 1486 5.

139 1517 252 1584 diebus
274 1518 305 1586 8.
329 1541 349 1581 a
371 1515 667 1582 Theanochodoso“
693 1526 753 1584 cet.
778 1567 870 1584 ......
900 1516 1070 1602 ,Oceanus
1092 1520 1245 1585 meridia-

138 1643 198 1686 nus
227 1621 326 1689 habet
350 1619 594 1686 innumerabiles
624 1630 752 1708 gentes,
781 1645 843 1706 que
956 1629 1099 1708 possunt.
1146 1622 1245 1690 Hanc

140 1723 287 1810 quadrip.
309 1723 409 1791 totius
431 1731 515 1789 terre
537 1723 763 1790 continentiam
778 1723 824 1790 hii
839 1725 894 1810 qui
908 1724 1042 1791 dimensi
1056 1733 1133 1790 sunt
1147 1728 1244 1815 longe

139 1828 284 1912 citroque
305 1828 441 1893 maiores
463 1827 584 1893 nostri“
609 1836 670 1894 etc.
831 1827 940 1892 insula
963 1826 1112 1895 Sardinia
1224 1853 1243 1894 a

138 1930 270 1996 meridie
297 1929 506 1996 Numidicum
536 1930 658 2013 sinum,
689 1955 708 1996 a
737 1929 985 2017 septentrioni“.
1034 1929 1163 1998 Desunt
1192 1957 1242 2008 re·

138 2035 232 2119 liqna

227 2135 381 2202 Codicem
409 2136 494 2203 hunc
524 2138 656 2204 eandem
685 2162 780 2224 quam
809 2138 921 2204 tertiae
950 2137 1144 2205 recensionis
1166 2139 1241 2206 libri

137 2240 258 2306 habent
279 2241 448 2305 lectionem
472 2240 620 2308 exhibere
643 2251 752 2329 aperte
775 2242 973 2326 comparatio
996 2240 1108 2322 docet3
1136 2266 1241 2328 neque

138 2331 245 2408 tamon
268 2365 341 2408 cum
363 2343 413 2408 his
435 2344 560 2409 initium
582 2346 679 2410 sumit
701 2370 720 2410 a
744 2345 864 2411 verbis:
898 2345 1112 2427 „Lectionum
1133 2349 1240 2432 pervi-

137 2447 195 2532 gili
224 2468 301 2511 cura
330 2448 566 2532 comperimus“
598 2457 659 2513 etc.
693 2471 774 2533 quae
803 2449 926 2515 auctori
947 2450 1061 2515 tertiae
1089 2449 1240 2518 editionis

137 2549 307 2616 tribuenda
328 2573 397 2617 esse
419 2552 502 2617 iufra
524 2551 819 2618 demonstrabimus.

224 2759 297 2826 Hac
319 2761 417 2847 igitur
439 2763 562 2828 ratione
577 2761 850 2850 Cosmographiae
872 2762 1071 2827 recensiones
1093 2763 1238 2850 singulae

137 2871 267 2928 exortae
289 2872 379 2947 sunt,
407 2874 444 2930 ut
472 2890 548 2932 vero
575 2874 671 2951 atque
693 2867 877 2951 incorrupto
896 2864 972 2928 Iulii
992 2864 1131 2946 Honorii
1153 2865 1238 2934 Ora

136 2965 215 3030 toris
238 2969 327 3053 operi
348 2968 508 3035 secundae
530 2969 678 3035 editionis
702 2969 843 3054 quisquis
865 2975 978 3031 auctor
997 2967 1108 3048 firerit,
1138 2970 1166 3033 is
1188 2972 1237 3035 lo-

136 3089 208 3134 cum
231 3071 319 3137 illurn
342 3072 382 3138 de
404 3095 552 3140 mensura
566 3071 652 3138 orbis
668 3069 940 3157 Cosmographiae
955 3069 1054 3153 capiti
1069 3091 1109 3132 ex
1126 3068 1236 3151 ,Geo-

135 3174 268 3240 metria“
293 3176 463 3261 addiderit,
484 3176 613 3242 turbato
637 3197 762 3259 quoque
785 3172 895 3238 ordine
917 3172 1088 3257 multisque
1108 3196 1168 3257 pro
1185 3176 1235 3240 in·

135 3278 229 3364 genio
251 3303 308 3347 suo
330 3281 517 3347 immutatis.
563 3276 625 3343 Cui
648 3278 737 3363 operi
758 3300 834 3341 mox
855 3275 935 3340 alius
958 3274 1143 3341 emendator
1165 3301 1235 3344 ma·

135 3404 193 3448 nus
215 3385 334 3469 iniecit,
357 3387 412 3472 qui
434 3392 490 3450 aut
511 3379 739 3469 geographiam
753 3378 845 3443 Pauli
862 3377 970 3444 Orosii
986 3380 1155 3466 integram,
1177 3391 1235 3448 aut

134 3497 258 3571 partem
281 3491 364 3573 eius,
393 3480 666 3571 cosmographiae
688 3481 857 3569 adligavit3
887 3505 980 3566 quem
1004 3483 1059 3567 qui
1080 3493 1234 3569 sequutus

135 3601 203 3657 erat
231 3604 343 3659 auctor
371 3590 492 3657 codicis
524 3610 564 3650 ex
594 3608 656 3670 quo
687 3583 913 3651 Casanatensis
942 3586 1023 3651 liber
1053 3585 1233 3674 descriptus

135 3706 193 3781 est,
216 3698 321 3762 verbis
341 3688 614 3777 Cosmographiae
638 3689 736 3774 capiti
758 3690 949 3776 praepositis
974 3690 1094 3773 „Iulius
1110 3688 1232 3757 Caesar

134 3800 304 3867 bissextilis
327 3795 458 3861 rationis
479 3795 626 3857 inventor
645 3842 721 3858 .....
745 3815 817 3858 cum
840 3795 950 3859 consul
973 3802 1052 3877 erat,
1075 3795 1232 3877 censuit“,

134 3905 306 3988 additaque
329 3897 478 3964 extremis
500 3895 573 3961 libri
596 3897 740 3981 partibus
763 3895 871 3963 Orosii
897 3897 983 3963 orbis
1005 3896 1231 3982 descriptione,

134 4049 171 4057 —
199 4029 293 4093 quarn
315 4001 502 4068 intercalato
524 4000 579 4066 illo
600 4000 672 4066 loco
701 4001 822 4084 „Hanc
845 4001 1109 4088 quadripartitam
1131 4002 1231 4068 totius

132 4122 235 4177 terrae
262 4106 488 4171 continentiam
517 4104 551 4169 hi
579 4106 633 4190 qui
662 4105 795 4171 dimensi
829 4113 904 4170 sunt
935 4106 1028 4190 longe
1057 4103 1228 4188 citroque“

133 4236 204 4278 eum
228 4209 491 4298 praecedentibus
512 4210 545 4274 in
568 4233 664 4274 unum
687 4210 777 4294 quasi
801 4207 993 4274 confundere
1015 4206 1174 4291 studebat,
1189 4249 1229 4257 -
