2752 4844
661 375 721 441 151

139 550 246 635 legere
268 549 319 613 vel
341 547 485 614 deserere
509 547 609 615 nodos
637 557 762 635 posset3
793 545 947 614 hebraeos
969 546 1170 614 characteres
1190 573 1240 615 re.-

138 653 322 736 suplnatos,
351 673 485 739 graecos
511 651 711 735 incurvatos,
733 650 850 716 latinos
872 651 1052 738 duplicatos
1074 651 1107 716 in
1124 653 1240 717 simili·

137 749 283 820 tudinem
305 755 399 838 circi,
414 767 563 839 'suosque
590 756 700 841 apices
722 756 756 820 in
777 753 917 841 medium
939 755 1078 841 positos,
1106 756 1239 821 metrico

137 882 226 923 more
249 859 454 944 compositos,
476 880 536 923 sua
557 857 652 925 laude
674 858 801 926 sibimet
822 859 909 924 solus
930 857 1072 925 sciebat“
1089 867 1149 925 etc.
1184 858 1239 945 Ip-

138 981 195 1028 sas
214 970 321 1027 autem
342 963 520 1031 litterarum
542 961 661 1028 formas
684 962 801 1049 integri
816 959 1091 1051 cosmographiae
1112 961 1240 1028 codices

138 1083 248 1132 omues
270 1064 422 1132 exhibent
433 1066 507 1147 ³⁴⁶),
530 1064 570 1131 de
594 1065 708 1150 quibus
730 1065 871 1131 tabulam
893 1065 1044 1153 inspicias
1067 1089 1162 1151 quam
1185 1088 1240 1130 ex·

138 1179 258 1234 tremae
279 1169 365 1255 parti
388 1168 493 1254 operis
516 1167 699 1233 adiecimus.

225 1272 296 1337 Iam
318 1294 394 1337 vero
418 1269 633 1356 quaerendum
656 1269 747 1336 nobis
769 1278 828 1354 est,
851 1270 928 1356 quid
949 1272 983 1335 in
1000 1269 1087 1337 hisce
1104 1273 1240 1337 elemen-

138 1376 179 1441 tis
201 1375 300 1440 lateat
323 1374 409 1460 apud
431 1374 598 1442 Ethicum:
628 1382 734 1439 utrum
762 1397 865 1462 nugas
887 1397 925 1439 ea
947 1395 1016 1439 esse
1039 1396 1238 1459 censeamus

139 1501 180 1544 an
201 1500 329 1544 sensum
352 1478 491 1563 aliquem
512 1479 616 1544 inesse
638 1476 700 1543 illis
723 1478 937 1544 confitendum
960 1475 1021 1542 sit?
1053 1475 1129 1560 Qua
1149 1479 1184 1543 in
1205 1501 1241 1544 re

139 1604 260 1664 vereor,
281 1605 322 1647 ne
336 1581 527 1668 Hieronymi
549 1581 655 1648 verbis
678 1581 830 1646 commoti
842 1583 898 1653 ³⁴⁷)
920 1581 1044 1647 litteras
1058 1578 1170 1646 Ethici
1192 1580 1240 1646 ni-

137 1685 183 1749 hil
205 1684 302 1750 fuisse
324 1685 416 1750 multi
437 1684 703 1771 persuadeantur,
723 1685 792 1750 nisi
813 1685 966 1750 obscuras
988 1691 1113 1774 tantum
1135 1691 1169 1748 et
1191 1705 1240 1748 sc·

138 1796 243 1854 cretas
264 1794 375 1866 notas;
397 1788 584 1872 praesertim
603 1811 702 1872 quum
716 1788 749 1852 in
764 1786 897 1853 eandem
913 1787 1093 1872 opinionem
1108 1785 1241 1851 D'Ave·

138 1891 246 1956 zacius
267 1911 370 1974 nuper
392 1888 521 1971 abierit,
545 1889 600 1973 qui
623 1890 729 1974 apices
753 1912 792 1954 ne
813 1890 916 1954 obiter
937 1887 1065 1973 quidem
1086 1888 1239 1974 perstrin-

139 1993 197 2058 xit.
233 1990 349 2060 Sedis
371 1991 403 2065 in
427 1992 497 2058 aliis
520 2014 645 2076 quoque
668 1999 738 2056 toto
754 1991 844 2057 coelo
860 1991 1035 2072 aberravit3
1058 2013 1117 2057 nos
1132 1991 1240 2078 igitur,

138 2097 215 2181 quia
237 2094 277 2160 de
300 2095 463 2161 elementis
480 2094 590 2160 Ethici
612 2095 707 2181 longe
730 2093 824 2158 aliam
845 2094 1008 2161 notionem
1030 2095 1240 2179 suscepimus,

138 2200 343 2285 sequentibus
365 2199 491 2288 paginis
514 2197 704 2265 sententiam
725 2205 867 2262 nostram
887 2197 1000 2285 paucis
1020 2195 1240 2285 exponendam

139 2326 209 2370 esse
230 2311 397 2390 putamus:
420 2302 550 2368 scilicet.
565 2310 602 2367 ut
623 2322 707 2367 novo
733 2300 872 2386 quodam
895 2308 1082 2390 argumento
1106 2297 1240 2367 Cosmo-

139 2407 306 2496 graphiam
335 2405 445 2473 Ethici
475 2429 494 2471 a
524 2403 559 2472 S.
586 2404 784 2492 Hieronymo
813 2404 1000 2473 translatam
1027 2404 1125 2500 fuisse
1154 2425 1240 2468 com·

139 2510 319 2598 probemus

603 2736 674 2821 ¹5.
701 2736 729 2802 1.

362 2881 521 2934 srfficvnt
538 2880 692 2933 NATIONE
711 2880 879 2933 SOLAVVM
896 2878 1022 2932 mssa.

229 3017 282 3081 De
303 3013 408 3101 patria
421 3014 540 3079 'Ethici
562 3022 595 3078 et
616 3013 738 3100 origine
761 3011 829 3078 eius
851 3012 1074 3097 quaerentibus
1095 3010 1187 3077 nobis
1202 3032 1242 3075 ex

142 3103 300 3186 nonnullis
323 3113 597 3203 cosmographiae
617 3115 698 3181 locis
718 3115 775 3179 lux
797 3114 990 3202 suppeditat.
1029 3112 1144 3199 Neque
1166 3135 1242 3177 vero

143 3223 184 3289 ab
206 3222 379 3306 interprete
400 3219 503 3285 solum
517 3217 716 3306 Hieronymo
737 3216 777 3282 de
791 3216 962 3306 gentilibus
977 3213 1159 3305 philosophi
1175 3236 1243 3279 cer-

142 3327 241 3394 tiores
262 3322 435 3406 reddimur,
459 3345 568 3388 verum
590 3321 688 3387 etiam
702 3319 839 3386 Ethicus
861 3320 930 3408 ipse
951 3320 985 3386 in
1000 3319 1125 3386 Histria
1139 3339 1173 3383 se
1192 3339 1243 3382 or·

142 3438 211 3495 tum
233 3427 331 3493 fuisse
353 3425 473 3492 scribit.
512 3424 668 3513 Legimus
690 3423 773 3491 enim
795 3423 815 3488 l.
833 3445 861 3489 c.
883 3446 960 3512 pag.
975 3425 1051 3508 455,
1074 3424 1111 3492 2:
1138 3419 1242 3508 „Hic

143 3528 463 3619 igiturhlthicus
483 3528 641 3594 Histria
663 3529 826 3615 regione
849 3528 1035 3615 sophista
1058 3523 1241 3592 claruit“.

142 3635 224 3722 Pag.
236 3633 313 3716 468,
326 3657 355 3698 v.
372 3634 403 3700 l:
430 3655 566 3717 „quum
588 3633 660 3698 ille
675 3631 836 3698 Histria
858 3653 898 3696 se
921 3638 1100 3696 exortum
1119 3628 1244 3693 fuisse

144 3737 327 3804 scribat“
353 3744 413 3801 etc.
451 3736 537 3824 Peg..
550 3735 624 3816 532,
648 3757 677 3799 v.
696 3738 737 3807 52.
765 3733 880 3819 „Stylo
902 3733 1010 3819 posuit
1032 3730 1244 3818 Cephalenias

144 3895 345 3906 “a—-

216 3984 284 4047 346)
303 3988 371 4050 apud
388 3985 576 4037 D'Avezacium
593 3985 710 4050 leguntur
727 3999 785 4049 pag.
799 3981 858 4033 541⁴

215 4086 283 4152 347)
303 4089 348 4140 cfr.
367 4072 438 4141 locos
456 4091 533 4140 modo
551 4089 667 4140 laudatos
690 4095 717 4138 et
740 4103 805 4152 quae
822 4089 939 4152 proxime
957 4091 1096 4149 sequuntur
1114 4083 1245 4132 translato·

146 4179 181 4229 ris
199 4178 282 4228 verba.
