2752 4844
659 430 720 498 125
781 419 788 433 ’

225 605 277 671 22.
312 600 640 669 conculcantis
662 605 985 689 antiquissimus,
1007 616 1087 680 n‘ro.
1109 607 1221 694 15²⁸⁸).

223 705 348 771 Inerat:
381 705 502 789 „Liber
522 705 690 773 Aethici
718 705 1013 809 Cosmogr'aphi
1042 709 1100 777 abs
1120 708 1239 776 Hiero·

135 834 233 899 nymo
254 810 459 876 translatus“.

223 913 292 986 Ubi
313 935 397 980 nunc
418 914 520 979 lateat
539 913 734 1001 ignoramus.

224 1090 277 1158 23.
313 1087 407 1154 coc
423 1087 712 1155 Bibliothecae
727 1087 837 1154 Dom.
849 1088 1036 1174 Hautini,
1053 1089 1237 1175 quemlau-

136 1192 230 1260 dat·
221 1217 254 1258 m
279 1191 467 1282 „Glossario
495 1192 538 1258 ad
565 1189 748 1312 scriptores
764 1193 890 1258 mediae
913 1201 946 1258 et
966 1192 1093 1257 infimae
1115 1193 1239 1280 graeci-

135 1297 232 1363 tatis“
259 1243 431 1383 (Lugduni
456 1285 550 1365 1688.
584 1297 748 1366 2V011J
739 1321 773 1362 m
794 1297 889 1380 folio)
914 1296 1113 1384 Ducangius.
1151 1294 1237 1361 Vide

137 1412 212 1466 tom.
229 1401 274 1466 II.
320 1398 451 1465 Omissa
473 1408 506 1464 et
526 1398 705 1484 Addenda',
726 1424 801 1488 pag.
822 1401 895 1468 109.
919 1421 944 1464 s.
962 1424 993 1464 v.
1018 1395 1235 1487 Κορκόνιλος.

138 1502 290 1586 „Aethici
313 1501 569 1590 cosmographia
596 1505 835 1623 manuscripta
834 1505 867 1569 in
867 1510 1006 1589 tteerpre
1027 1502 1237 1646 Hieronymo,
1294 1498 1296 1502 ⁴
1331 1579 1333 1583 Ι

135 1608 216 1673 liber
229 1607 362 1673 fictitius
385 1615 418 1672 et
440 1605 535 1671 nullis
555 1606 668 1694 frugis,
690 1632 729 1675 ex
750 1587 954 1708 Bibliotheca
969 1606 1067 1672 Dom.
1073 1605 1218 1671 Hautini

138 1710 262 1794 „t'Stru
240 1719 361 1776 t1onum
390 1712 440 1777 vel
470 1709 714 1776 corcodillorum
743 1721 777 1778 et
797 1700 1002 1798 scorpionum
1023 1733 1142 1798 genera
1163 1655 1237 1775 sunl

134 1816 220 1882 inter
241 1815 320 1880 alias
341 1813 552 1903 gentes“²⁸⁹).
613 1865 618 1874 .

224 1989 279 2056 24.
330 1986 425 2054 Ood.
458 1988 648 2054 Hae'nelii
676 1988 910 2075 Lipsiensis
937 1990 1083 2075 quintum
1110 1995 1237 2053 tantum

136 2090 411 2178 Cosmographiae
432 2102 531 2179 caput
553 2092 705 2176 continet,
727 2093 814 2176 quod
835 2095 963 2160 titulum
985 2092 1140 2178 praefert:
1163 2091 1237 2175 „De

135 2194 265 2261 navium
287 2194 514 2283 indagatione“
528 2197 596 2280 ²⁹⁰).
641 2194 694 2262 De
722 2194 786 2261 hoc
810 2196 892 2262 libro
913 2198 972 2263 cfr.
993 2196 1236 2262 D’Avezscium

135 2301 156 2364 l.
173 2321 202 2364 c.
225 2321 299 2385 pag.
316 2299 392 2367 2311.
413 2308 481 2365 not.
497 2301 529 2369 3..

224 2471 278 2538 25.
325 2468 419 2535 Ood.
434 2461 720 2536 Bibliothecae
742 2471 782 2535 in
804 2467 985 2536 Aedibus
1005 2468 1235 2551 Iacobaeis„

136 2573 281 2660 signat.
305 2574 427 2657 8453,
451 2575 525 2643 731
541 2575 609 2657 ²⁹¹).

223 2677 327 2744 Inest:
351 2673 928 2764 „AethiciOosmographio“.
1020 2668 1022 2673 ’

222 2778 292 2846 Ubi
313 2805 398 2847 nunc
419 2781 731 2868 lateat1gnoramus

224 2939 277 3005 26.
323 2933 417 3002 cod.
441 2936 726 3003 Laurissensis
748 2933 890 3002 Sancti
911 2932 1160 3020 Nazariim)

223 3038 327 3104 Inest.
364 3038 484 3122 „Liber
512 3038 679 3107 Aethici
708 3003 1043 3125 Cosmographi
1033 3060 1067 3101 1n
1095 3061 1158 3104 uno
1182 3064 1235 3106 co·

136 3142 241 3206 dioe“.

225 3243 294 3310 Ubi
315 3265 400 3308 nuno
423 3245 495 3310 sit
485 3269 678 3332 ignoramus.

206 3465 274 3530 ess)
294 3469 340 3519 cfr.
358 3434 523 3534 spicilegium
544 3470 686 3534 Romnum
709 3469 766 3534 (es.
785 3471 886 3536 unguo
909 3466 978 3532 uu)
997 3460 1058 3521 sim.
1076 3468 1108 3520 v.
1138 3469 1249 3520 nomae·

137 3554 214 3605 1s51.
233 3552 275 3605 8⁰.
294 3571 352 3620 pag.
366 3554 426 3606 215.

206 3640 258 3690 289
295 3643 340 3691 cfr.
359 3643 477 3693 Ethicum
494 3657 551 3706 pag.
563 3639 625 3703 172,
642 3657 665 3691 v.
679 3640 704 3693 3.

206 3724 276 3788 290)
295 3727 340 3776 cfr.
359 3729 477 3778 Ethicum
493 3743 552 3792 pag.
564 3725 723 3778 tes-Asc.

206 3810 276 3873 291)
295 3813 340 3863 cfr.
360 3814 494 3878 „Cetalogi
517 3813 639 3863 librorum
659 3812 734 3863 MSS.
756 3815 865 3879 Anglise
892 3825 918 3867 et
941 3815 1078 3867 Hiberniae
1105 3815 1132 3864 in
1155 3828 1235 3863 unum

135 3898 253 3949 collecti“
273 3907 321 3949 etc.
359 3899 475 3951 Oxoniae
496 3898 571 3950 1697.
608 3898 652 3948 121.
679 3905 740 3948 tom.
752 3901 786 3962 II,
803 3917 861 3964 pag.
873 3901 934 3953 215.

206 3982 274 4045 292)
293 3986 339 4034 cfr.
358 3985 522 4050 Spicilegium
533 3987 677 4036 Romanum
695 3991 755 4034 tom.
768 3986 801 4047 V,
812 4001 870 4048 pog.
885 3986 1045 4052 161-200:
1063 3984 1235 4045 „Breviorium

135 4071 252 4119 codicum
263 4072 412 4122 Monasterii
425 4073 451 4124 S.
463 4073 563 4123 Noznrii
581 4073 607 4121 in
618 4071 740 4121 Lanrissa
756 4086 802 4120 ssu
819 4071 1042 4126 Laureshamensis
1060 4075 1092 4124 ad
1109 4074 1234 4124 Rhenum.

134 4157 176 4204 Ex
192 4165 337 4219 pervetusto
355 4161 443 4208 codice
460 4161 634 4210 Bibliothecae
650 4146 781 4209 Paletihao
798 4159 946 4222 vaticanae,
963 4163 1011 4224 qni
1025 4163 1073 4213 fnit
1089 4161 1151 4212 olim
1168 4160 1235 4209 eius·

134 4243 193 4292 dem
210 4243 382 4295 monasterii“.
418 4245 468 4296 Ubi
485 4247 541 4296 vide
559 4262 617 4311 pag.
632 4245 691 4298 163.
709 4245 730 4307 6.
745 4247 790 4307 VI,
809 4245 833 4296 2.
