<?xml version="1.0" encoding="UTF-8"?>
<!DOCTYPE html PUBLIC "-//W3C//DTD XHTML 1.0 Transitional//EN"
    "http://www.w3.org/TR/xhtml1/DTD/xhtml1-transitional.dtd">
<html xmlns="http://www.w3.org/1999/xhtml" xml:lang="en" lang="en">
 <head>
  <title>
</title>
<meta http-equiv="Content-Type" content="text/html;charset=utf-8" />
  <meta name='ocr-system' content='tesseract 3.04.00' />
  <meta name='ocr-capabilities' content='ocr_page ocr_carea ocr_par ocr_line ocrx_word'/>
</head>
<body>
  <div class='ocr_page' id='page_1' title='image "./decosmographiae00pertgoog_0084.png"; bbox 0 0 2752 4844; ppageno 0'>
   <div class='ocr_carea' id='block_1_1' title="bbox 667 378 709 444">
    <p class='ocr_par' dir='ltr' id='par_1_1' title="bbox 667 378 709 444">
     <span class='ocr_line' id='line_1_1' title="bbox 667 378 709 444; baseline 0 0"><span class='ocrx_word' id='word_1_1' title='bbox 667 378 709 444; x_wconf 83' lang='lat'>79</span> 
     </span>
    </p>
   </div>
   <div class='ocr_carea' id='block_1_2' title="bbox 135 549 1295 3340">
    <p class='ocr_par' dir='ltr' id='par_1_2' title="bbox 136 549 1240 953">
     <span class='ocr_line' id='line_1_2' title="bbox 138 549 1238 638; baseline -0.001 -19"><span class='ocrx_word' id='word_1_2' title='bbox 138 553 287 638; x_wconf 89' lang='lat' dir='ltr'>Denique</span> <span class='ocrx_word' id='word_1_3' title='bbox 303 575 367 618; x_wconf 91' lang='lat' dir='ltr'>non</span> <span class='ocrx_word' id='word_1_4' title='bbox 380 552 483 617; x_wconf 91' lang='lat' dir='ltr'>solum</span> <span class='ocrx_word' id='word_1_5' title='bbox 495 549 675 638; x_wconf 86' lang='lat' dir='ltr'>Didymum</span> <span class='ocrx_word' id='word_1_6' title='bbox 688 552 885 635; x_wconf 81' lang='lat' dir='ltr'>omittit²¹²)‚</span> <span class='ocrx_word' id='word_1_7' title='bbox 906 575 1017 617; x_wconf 90' lang='lat' dir='ltr'>verum</span> <span class='ocrx_word' id='word_1_8' title='bbox 1032 554 1129 618; x_wconf 88' lang='lat' dir='ltr'>etiam</span> <span class='ocrx_word' id='word_1_9' title='bbox 1141 553 1238 618; x_wconf 92' lang='lat' dir='ltr'>finem</span> 
     </span>
     <span class='ocr_line' id='line_1_3' title="bbox 137 655 1240 743; baseline -0.002 -21"><span class='ocrx_word' id='word_1_10' title='bbox 137 658 217 722; x_wconf 81' lang='lat' dir='ltr'>facit</span> <span class='ocrx_word' id='word_1_11' title='bbox 237 658 272 722; x_wconf 91' lang='lat' dir='ltr'>in</span> <span class='ocrx_word' id='word_1_12' title='bbox 293 657 399 723; x_wconf 87' lang='lat' dir='ltr'>verbis</span> <span class='ocrx_word' id='word_1_13' title='bbox 412 657 518 738; x_wconf 57' lang='lat' dir='ltr'>„Hae</span> <span class='ocrx_word' id='word_1_14' title='bbox 540 664 614 721; x_wconf 89' lang='lat' dir='ltr'>sunt</span> <span class='ocrx_word' id='word_1_15' title='bbox 634 656 756 721; x_wconf 90' lang='lat' dir='ltr'>insulae</span> <span class='ocrx_word' id='word_1_16' title='bbox 779 656 820 722; x_wconf 93' lang='lat' dir='ltr'>ab</span> <span class='ocrx_word' id='word_1_17' title='bbox 842 657 1052 743; x_wconf 79' lang='lat' dir='ltr'>Hellesponto</span> <span class='ocrx_word' id='word_1_18' title='bbox 1072 679 1175 741; x_wconf 89' lang='lat' dir='ltr'>usque</span> <span class='ocrx_word' id='word_1_19' title='bbox 1197 655 1240 721; x_wconf 90' lang='lat' dir='ltr'>ad</span> 
     </span>
     <span class='ocr_line' id='line_1_4' title="bbox 138 759 1239 847; baseline -0.001 -20"><span class='ocrx_word' id='word_1_20' title='bbox 138 759 326 828; x_wconf 88' lang='lat' dir='ltr'>Occeanum</span> <span class='ocrx_word' id='word_1_21' title='bbox 347 783 406 847; x_wconf 91' lang='lat' dir='ltr'>per</span> <span class='ocrx_word' id='word_1_22' title='bbox 427 768 532 824; x_wconf 88' lang='lat' dir='ltr'>totum</span> <span class='ocrx_word' id='word_1_23' title='bbox 555 760 656 825; x_wconf 91' lang='lat' dir='ltr'>altum</span> <span class='ocrx_word' id='word_1_24' title='bbox 677 761 811 847; x_wconf 84' lang='lat' dir='ltr'>pelagus</span> <span class='ocrx_word' id='word_1_25' title='bbox 833 761 990 843; x_wconf 83' lang='lat' dir='ltr'><strong>famosae,</strong></span> <span class='ocrx_word' id='word_1_26' title='bbox 1013 782 1095 844; x_wconf 88' lang='lat' dir='ltr'>quae</span> <span class='ocrx_word' id='word_1_27' title='bbox 1116 761 1239 826; x_wconf 90' lang='lat' dir='ltr'>intelle·</span> 
     </span>
     <span class='ocr_line' id='line_1_5' title="bbox 136 863 938 953; baseline -0.004 -22"><span class='ocrx_word' id='word_1_28' title='bbox 136 873 193 931; x_wconf 87' lang='lat' dir='ltr'>ctu</span> <span class='ocrx_word' id='word_1_29' title='bbox 215 874 249 930; x_wconf 89' lang='lat' dir='ltr'>et</span> <span class='ocrx_word' id='word_1_30' title='bbox 269 863 490 953; x_wconf 82' lang='lat' dir='ltr'>magnitudine</span> <span class='ocrx_word' id='word_1_31' title='bbox 512 864 652 929; x_wconf 84' lang='lat' dir='ltr'>celebres</span> <span class='ocrx_word' id='word_1_32' title='bbox 673 863 852 929; x_wconf 86' lang='lat' dir='ltr'>habentur“</span> <span class='ocrx_word' id='word_1_33' title='bbox 869 865 938 948; x_wconf 78' lang='lat'>²¹³).</span> 
     </span>
    </p>

    <p class='ocr_par' dir='ltr' id='par_1_3' title="bbox 135 966 1295 3130">
     <span class='ocr_line' id='line_1_6' title="bbox 226 966 1239 1034; baseline -0.001 0"><span class='ocrx_word' id='word_1_34' title='bbox 226 966 396 1034; x_wconf 85' lang='lat' dir='ltr'>Consentit</span> <span class='ocrx_word' id='word_1_35' title='bbox 424 975 531 1032; x_wconf 87' lang='lat' dir='ltr'>autem</span> <span class='ocrx_word' id='word_1_36' title='bbox 554 967 682 1032; x_wconf 90' lang='lat' dir='ltr'>Alberti</span> <span class='ocrx_word' id='word_1_37' title='bbox 710 967 813 1033; x_wconf 81' lang='lat' dir='ltr'>codex</span> <span class='ocrx_word' id='word_1_38' title='bbox 840 991 915 1032; x_wconf 90' lang='lat' dir='ltr'>cum</span> <span class='ocrx_word' id='word_1_39' title='bbox 942 967 1082 1034; x_wconf 84' lang='lat' dir='ltr'>editione</span> <span class='ocrx_word' id='word_1_40' title='bbox 1110 966 1239 1033; x_wconf 89' lang='lat' dir='ltr'>Grono-</span> 
     </span>
     <span class='ocr_line' id='line_1_7' title="bbox 136 1071 1239 1156; baseline -0.003 -17"><span class='ocrx_word' id='word_1_41' title='bbox 136 1074 249 1155; x_wconf 82' lang='lat' dir='ltr'>viana,</span> <span class='ocrx_word' id='word_1_42' title='bbox 277 1071 310 1137; x_wconf 91' lang='lat' dir='ltr'>h.</span> <span class='ocrx_word' id='word_1_43' title='bbox 330 1095 358 1136; x_wconf 90' lang='lat' dir='ltr'>e.</span> <span class='ocrx_word' id='word_1_44' title='bbox 389 1093 461 1136; x_wconf 90' lang='lat' dir='ltr'>cum</span> <span class='ocrx_word' id='word_1_45' title='bbox 484 1071 597 1137; x_wconf 89' lang='lat' dir='ltr'>codice</span> <span class='ocrx_word' id='word_1_46' title='bbox 618 1071 792 1137; x_wconf 86' lang='lat' dir='ltr'>Parisiensi</span> <span class='ocrx_word' id='word_1_47' title='bbox 814 1071 911 1140; x_wconf 76' lang='lat'><strong>4808.</strong></span> <span class='ocrx_word' id='word_1_48' title='bbox 935 1094 1020 1138; x_wconf 81' lang='lat' dir='ltr'>saec.</span> <span class='ocrx_word' id='word_1_49' title='bbox 1034 1072 1116 1137; x_wconf 89' lang='grc' dir='ltr'>ΧΠ.</span> <span class='ocrx_word' id='word_1_50' title='bbox 1140 1094 1239 1156; x_wconf 91' lang='lat' dir='ltr'>quum</span> 
     </span>
     <span class='ocr_line' id='line_1_8' title="bbox 138 1175 1239 1263; baseline -0.001 -21"><span class='ocrx_word' id='word_1_51' title='bbox 138 1178 252 1242; x_wconf 92' lang='lat' dir='ltr'>ceteris</span> <span class='ocrx_word' id='word_1_52' title='bbox 274 1178 308 1241; x_wconf 92' lang='lat' dir='ltr'>in</span> <span class='ocrx_word' id='word_1_53' title='bbox 330 1175 441 1257; x_wconf 88' lang='lat' dir='ltr'>rebus,</span> <span class='ocrx_word' id='word_1_54' title='bbox 468 1184 539 1240; x_wconf 89' lang='lat' dir='ltr'>tum</span> <span class='ocrx_word' id='word_1_55' title='bbox 565 1198 603 1240; x_wconf 91' lang='lat' dir='ltr'>eo</span> <span class='ocrx_word' id='word_1_56' title='bbox 625 1176 827 1263; x_wconf 88' lang='lat' dir='ltr'>potissimum</span> <span class='ocrx_word' id='word_1_57' title='bbox 850 1175 938 1259; x_wconf 91' lang='lat' dir='ltr'>quod</span> <span class='ocrx_word' id='word_1_58' title='bbox 958 1176 1157 1240; x_wconf 90' lang='lat' dir='ltr'>Hermunam</span> <span class='ocrx_word' id='word_1_59' title='bbox 1179 1175 1239 1241; x_wconf 87' lang='lat' dir='ltr'>flu·</span> 
     </span>
     <span class='ocr_line' id='line_1_9' title="bbox 136 1272 1240 1362; baseline -0.003 -16"><span class='ocrx_word' id='word_1_60' title='bbox 136 1283 225 1346; x_wconf 85' lang='lat' dir='ltr'>vium</span> <span class='ocrx_word' id='word_1_61' title='bbox 240 1281 437 1362; x_wconf 80' lang='lat' dir='ltr'>omittit²¹⁴);</span> <span class='ocrx_word' id='word_1_62' title='bbox 462 1279 520 1344; x_wconf 90' lang='lat' dir='ltr'>sed</span> <span class='ocrx_word' id='word_1_63' title='bbox 535 1272 608 1344; x_wconf 81' lang='lat' dir='ltr'>c&#39;um</span> <span class='ocrx_word' id='word_1_64' title='bbox 624 1277 695 1343; x_wconf 83' lang='lat' dir='ltr'>cod</span> <span class='ocrx_word' id='word_1_65' title='bbox 703 1278 946 1344; x_wconf 88' lang='lat' dir='ltr'>Vindobonensi</span> <span class='ocrx_word' id='word_1_66' title='bbox 964 1279 1040 1362; x_wconf 88' lang='lat'>181,</span> <span class='ocrx_word' id='word_1_67' title='bbox 1051 1279 1240 1361; x_wconf 78' lang='lat' dir='ltr'>Dresdensi,</span> 
     </span>
     <span class='ocr_line' id='line_1_10' title="bbox 136 1382 1240 1473; baseline -0.005 -22"><span class='ocrx_word' id='word_1_68' title='bbox 136 1385 245 1473; x_wconf 86' lang='lat' dir='ltr'>Lugd.</span> <span class='ocrx_word' id='word_1_69' title='bbox 266 1385 383 1450; x_wconf 86' lang='lat' dir='ltr'>Batav.</span> <span class='ocrx_word' id='word_1_70' title='bbox 404 1382 554 1448; x_wconf 87' lang='lat' dir='ltr'>Vossian.</span> <span class='ocrx_word' id='word_1_71' title='bbox 579 1383 630 1451; x_wconf 88' lang='grc'>60.</span> <span class='ocrx_word' id='word_1_72' title='bbox 652 1383 760 1448; x_wconf 88' lang='lat' dir='ltr'>locum</span> <span class='ocrx_word' id='word_1_73' title='bbox 782 1384 881 1449; x_wconf 87' lang='lat' dir='ltr'>alium</span> <span class='ocrx_word' id='word_1_74' title='bbox 902 1384 1038 1449; x_wconf 80' lang='lat' dir='ltr'>omittit:</span> <span class='ocrx_word' id='word_1_75' title='bbox 1071 1384 1125 1466; x_wconf 81' lang='lat' dir='ltr'>„A</span> <span class='ocrx_word' id='word_1_76' title='bbox 1151 1383 1240 1447; x_wconf 88' lang='lat' dir='ltr'>fonte</span> 
     </span>
     <span class='ocr_line' id='line_1_11' title="bbox 137 1485 1240 1576; baseline -0.003 -23"><span class='ocrx_word' id='word_1_77' title='bbox 137 1489 277 1563; x_wconf 85' lang='lat' dir='ltr'>fluminis</span> <span class='ocrx_word' id='word_1_78' title='bbox 298 1485 425 1576; x_wconf 80' lang='lat' dir='ltr'>Gangis</span> <span class='ocrx_word' id='word_1_79' title='bbox 448 1536 525 1552; x_wconf 90' lang='grc'><strong>.....</strong></span> <span class='ocrx_word' id='word_1_80' title='bbox 549 1510 607 1573; x_wconf 89' lang='lat' dir='ltr'>per</span> <span class='ocrx_word' id='word_1_81' title='bbox 627 1489 704 1553; x_wconf 88' lang='lat' dir='ltr'>litus</span> <span class='ocrx_word' id='word_1_82' title='bbox 727 1485 912 1553; x_wconf 80' lang='lat' dir='ltr'>Cimmerici</span> <span class='ocrx_word' id='word_1_83' title='bbox 937 1488 1052 1569; x_wconf 86' lang='lat' dir='ltr'>maris,</span> <span class='ocrx_word' id='word_1_84' title='bbox 1081 1485 1170 1571; x_wconf 91' lang='lat' dir='ltr'>quod</span> <span class='ocrx_word' id='word_1_85' title='bbox 1190 1495 1240 1553; x_wconf 85' lang='lat' dir='ltr'>est</span> 
     </span>
     <span class='ocr_line' id='line_1_12' title="bbox 138 1590 1240 1679; baseline -0.003 -22"><span class='ocrx_word' id='word_1_86' title='bbox 138 1593 179 1658; x_wconf 92' lang='lat' dir='ltr'>ab</span> <span class='ocrx_word' id='word_1_87' title='bbox 202 1591 348 1679; x_wconf 82' lang='lat' dir='ltr'>Aphrico</span> <span class='ocrx_word' id='word_1_88' title='bbox 369 1595 491 1677; x_wconf 85' lang='lat' dir='ltr'>usque“</span> <span class='ocrx_word' id='word_1_89' title='bbox 506 1593 574 1674; x_wconf 68' lang='grc'>211).</span> <span class='ocrx_word' id='word_1_90' title='bbox 617 1591 728 1675; x_wconf 80' lang='lat' dir='ltr'>Quare</span> <span class='ocrx_word' id='word_1_91' title='bbox 748 1592 864 1657; x_wconf 91' lang='lat' dir='ltr'>horum</span> <span class='ocrx_word' id='word_1_92' title='bbox 885 1593 972 1658; x_wconf 93' lang='lat' dir='ltr'>nullo</span> <span class='ocrx_word' id='word_1_93' title='bbox 994 1590 1148 1657; x_wconf 87' lang='lat' dir='ltr'>Albertus</span> <span class='ocrx_word' id='word_1_94' title='bbox 1170 1600 1240 1655; x_wconf 90' lang='lat' dir='ltr'>ute·</span> 
     </span>
     <span class='ocr_line' id='line_1_13' title="bbox 137 1695 1295 1782; baseline -0.001 -20"><span class='ocrx_word' id='word_1_95' title='bbox 137 1697 242 1762; x_wconf 72' lang='lat' dir='ltr'>batua</span> <span class='ocrx_word' id='word_1_96' title='bbox 294 1696 418 1762; x_wconf 86' lang='lat' dir='ltr'>Tamen</span> <span class='ocrx_word' id='word_1_97' title='bbox 446 1719 520 1761; x_wconf 89' lang='lat' dir='ltr'>cum</span> <span class='ocrx_word' id='word_1_98' title='bbox 548 1695 620 1760; x_wconf 89' lang='lat' dir='ltr'>cod.</span> <span class='ocrx_word' id='word_1_99' title='bbox 642 1695 751 1782; x_wconf 87' lang='lat' dir='ltr'>Lugd.</span> <span class='ocrx_word' id='word_1_100' title='bbox 773 1697 900 1762; x_wconf 86' lang='lat' dir='ltr'>Batavo</span> <span class='ocrx_word' id='word_1_101' title='bbox 929 1695 1090 1761; x_wconf 88' lang='lat' dir='ltr'>Vossiano</span> <span class='ocrx_word' id='word_1_102' title='bbox 1119 1695 1240 1761; x_wconf 86' lang='lat' dir='ltr'>arctius</span> <span class='ocrx_word' id='word_1_103' title='bbox 1292 1710 1295 1716; x_wconf 84' lang='grc'><strong><em>·</em></strong></span> 
     </span>
     <span class='ocr_line' id='line_1_14' title="bbox 136 1798 1239 1883; baseline -0.001 -18"><span class='ocrx_word' id='word_1_104' title='bbox 136 1802 207 1865; x_wconf 88' lang='lat' dir='ltr'>eius</span> <span class='ocrx_word' id='word_1_105' title='bbox 227 1799 309 1864; x_wconf 91' lang='lat' dir='ltr'>liber</span> <span class='ocrx_word' id='word_1_106' title='bbox 331 1809 382 1864; x_wconf 90' lang='lat' dir='ltr'>est</span> <span class='ocrx_word' id='word_1_107' title='bbox 402 1799 591 1864; x_wconf 84' lang='lat' dir='ltr'>coniunctus</span> <span class='ocrx_word' id='word_1_108' title='bbox 619 1820 715 1883; x_wconf 88' lang='lat' dir='ltr'>quam</span> <span class='ocrx_word' id='word_1_109' title='bbox 739 1821 812 1863; x_wconf 91' lang='lat' dir='ltr'>cnm</span> <span class='ocrx_word' id='word_1_110' title='bbox 834 1799 1009 1866; x_wconf 89' lang='lat' dir='ltr'>Parisiensi</span> <span class='ocrx_word' id='word_1_111' title='bbox 1034 1798 1139 1879; x_wconf 74' lang='lat'>48083</span> <span class='ocrx_word' id='word_1_112' title='bbox 1169 1799 1239 1866; x_wconf 88' lang='lat' dir='ltr'>sed</span> 
     </span>
     <span class='ocr_line' id='line_1_15' title="bbox 136 1901 1239 1987; baseline -0.002 -18"><span class='ocrx_word' id='word_1_113' title='bbox 136 1903 297 1969; x_wconf 87' lang='lat' dir='ltr'>codicis</span> <span class='ocrx_word' id='word_1_114' title='bbox 322 1902 523 1967; x_wconf 87' lang='lat' dir='ltr'>lectiones</span> <span class='ocrx_word' id='word_1_115' title='bbox 550 1901 610 1965; x_wconf 85' lang='lat' dir='ltr'>ita</span> <span class='ocrx_word' id='word_1_116' title='bbox 639 1901 885 1986; x_wconf 84' lang='lat' dir='ltr'>depravatae</span> <span class='ocrx_word' id='word_1_117' title='bbox 914 1911 1008 1968; x_wconf 87' lang='lat' dir='ltr'>sunt</span> <span class='ocrx_word' id='word_1_118' title='bbox 1036 1902 1143 1987; x_wconf 90' lang='lat' dir='ltr'>apud</span> <span class='ocrx_word' id='word_1_119' title='bbox 1167 1902 1239 1968; x_wconf 85' lang='lat' dir='ltr'>Al·</span> 
     </span>
     <span class='ocr_line' id='line_1_16' title="bbox 137 2002 1239 2092; baseline -0.002 -20"><span class='ocrx_word' id='word_1_120' title='bbox 137 2007 313 2088; x_wconf 85' lang='lat' dir='ltr'>bertum,</span> <span class='ocrx_word' id='word_1_121' title='bbox 340 2014 384 2071; x_wconf 92' lang='lat' dir='ltr'>ut</span> <span class='ocrx_word' id='word_1_122' title='bbox 405 2002 753 2092; x_wconf 74' lang='lat' dir='ltr'>cosmographiae</span> <span class='ocrx_word' id='word_1_123' title='bbox 782 2005 934 2071; x_wconf 89' lang='lat' dir='ltr'>editori</span> <span class='ocrx_word' id='word_1_124' title='bbox 960 2006 1080 2091; x_wconf 90' lang='lat' dir='ltr'>plane</span> <span class='ocrx_word' id='word_1_125' title='bbox 1107 2006 1239 2092; x_wconf 89' lang='lat' dir='ltr'>negli-</span> 
     </span>
     <span class='ocr_line' id='line_1_17' title="bbox 137 2108 1240 2198; baseline 0 -24"><span class='ocrx_word' id='word_1_126' title='bbox 137 2109 289 2198; x_wconf 88' lang='lat' dir='ltr'>gendae</span> <span class='ocrx_word' id='word_1_127' title='bbox 317 2110 416 2192; x_wconf 88' lang='lat' dir='ltr'>sint,</span> <span class='ocrx_word' id='word_1_128' title='bbox 452 2130 569 2192; x_wconf 91' lang='lat' dir='ltr'>quum</span> <span class='ocrx_word' id='word_1_129' title='bbox 597 2108 734 2174; x_wconf 90' lang='lat' dir='ltr'>nullus</span> <span class='ocrx_word' id='word_1_130' title='bbox 762 2132 809 2174; x_wconf 90' lang='lat' dir='ltr'>ex</span> <span class='ocrx_word' id='word_1_131' title='bbox 837 2110 889 2175; x_wconf 91' lang='lat' dir='ltr'>iis</span> <span class='ocrx_word' id='word_1_132' title='bbox 917 2110 1078 2176; x_wconf 84' lang='lat' dir='ltr'>fructus</span> <span class='ocrx_word' id='word_1_133' title='bbox 1106 2109 1240 2196; x_wconf 86' lang='lat' dir='ltr'>possit</span> 
     </span>
     <span class='ocr_line' id='line_1_18' title="bbox 136 2211 1253 2302; baseline -0.001 -22"><span class='ocrx_word' id='word_1_134' title='bbox 136 2214 305 2302; x_wconf 84' lang='lat' dir='ltr'>percipi.</span> <span class='ocrx_word' id='word_1_135' title='bbox 340 2211 515 2278; x_wconf 82' lang='lat' dir='ltr'>Accedit</span> <span class='ocrx_word' id='word_1_136' title='bbox 538 2211 1033 2301; x_wconf 89' lang='lat' dir='ltr'>quodAlbertusMagnus</span> <span class='ocrx_word' id='word_1_137' title='bbox 1050 2214 1092 2279; x_wconf 90' lang='lat' dir='ltr'>in</span> <span class='ocrx_word' id='word_1_138' title='bbox 1107 2216 1253 2280; x_wconf 52' lang='lat' dir='ltr'>trans?</span> 
     </span>
     <span class='ocr_line' id='line_1_19' title="bbox 137 2316 1239 2401; baseline 0 -17"><span class='ocrx_word' id='word_1_139' title='bbox 137 2318 355 2384; x_wconf 88' lang='lat' dir='ltr'>scribendo</span> <span class='ocrx_word' id='word_1_140' title='bbox 376 2316 484 2381; x_wconf 89' lang='lat' dir='ltr'>libro</span> <span class='ocrx_word' id='word_1_141' title='bbox 506 2317 565 2380; x_wconf 89' lang='lat' dir='ltr'>ita</span> <span class='ocrx_word' id='word_1_142' title='bbox 586 2325 775 2384; x_wconf 88' lang='lat' dir='ltr'>versatus</span> <span class='ocrx_word' id='word_1_143' title='bbox 803 2328 880 2401; x_wconf 82' lang='lat' dir='ltr'>est,</span> <span class='ocrx_word' id='word_1_144' title='bbox 910 2328 954 2384; x_wconf 90' lang='lat' dir='ltr'>ut</span> <span class='ocrx_word' id='word_1_145' title='bbox 976 2318 1133 2384; x_wconf 88' lang='lat' dir='ltr'>codicis</span> <span class='ocrx_word' id='word_1_146' title='bbox 1153 2319 1239 2384; x_wconf 90' lang='lat' dir='ltr'>lee-</span> 
     </span>
     <span class='ocr_line' id='line_1_20' title="bbox 137 2420 1239 2509; baseline -0.002 -20"><span class='ocrx_word' id='word_1_147' title='bbox 137 2425 267 2489; x_wconf 88' lang='lat' dir='ltr'>tiones</span> <span class='ocrx_word' id='word_1_148' title='bbox 296 2445 368 2509; x_wconf 90' lang='lat' dir='ltr'>pro</span> <span class='ocrx_word' id='word_1_149' title='bbox 404 2420 579 2484; x_wconf 89' lang='lat' dir='ltr'>arbitrio</span> <span class='ocrx_word' id='word_1_150' title='bbox 606 2421 853 2501; x_wconf 86' lang='lat' dir='ltr'>immutaret3</span> <span class='ocrx_word' id='word_1_151' title='bbox 891 2423 985 2507; x_wconf 92' lang='lat' dir='ltr'>quin</span> <span class='ocrx_word' id='word_1_152' title='bbox 1014 2422 1136 2487; x_wconf 90' lang='lat' dir='ltr'>etiam</span> <span class='ocrx_word' id='word_1_153' title='bbox 1162 2445 1239 2487; x_wconf 90' lang='lat' dir='ltr'>non</span> 
     </span>
     <span class='ocr_line' id='line_1_21' title="bbox 136 2523 1239 2609; baseline -0.004 -15"><span class='ocrx_word' id='word_1_154' title='bbox 136 2529 259 2595; x_wconf 88' lang='lat' dir='ltr'>semel</span> <span class='ocrx_word' id='word_1_155' title='bbox 280 2535 401 2609; x_wconf 86' lang='lat' dir='ltr'>atque</span> <span class='ocrx_word' id='word_1_156' title='bbox 423 2547 515 2589; x_wconf 88' lang='lat' dir='ltr'>raro</span> <span class='ocrx_word' id='word_1_157' title='bbox 537 2523 607 2588; x_wconf 91' lang='lat' dir='ltr'>sed</span> <span class='ocrx_word' id='word_1_158' title='bbox 629 2525 777 2609; x_wconf 89' lang='lat' dir='ltr'>passim</span> <span class='ocrx_word' id='word_1_159' title='bbox 800 2523 846 2588; x_wconf 84' lang='lat' dir='ltr'>de</span> <span class='ocrx_word' id='word_1_160' title='bbox 871 2548 943 2589; x_wconf 91' lang='lat' dir='ltr'>suo</span> <span class='ocrx_word' id='word_1_161' title='bbox 970 2526 1095 2590; x_wconf 87' lang='lat' dir='ltr'>multa</span> <span class='ocrx_word' id='word_1_162' title='bbox 1123 2525 1239 2590; x_wconf 90' lang='lat' dir='ltr'>addi-</span> 
     </span>
     <span class='ocr_line' id='line_1_22' title="bbox 137 2624 1239 2713; baseline -0.004 -15"><span class='ocrx_word' id='word_1_163' title='bbox 137 2633 204 2698; x_wconf 85' lang='lat' dir='ltr'>dit.</span> <span class='ocrx_word' id='word_1_164' title='bbox 238 2630 348 2713; x_wconf 81' lang='lat' dir='ltr'>Quare</span> <span class='ocrx_word' id='word_1_165' title='bbox 360 2629 461 2693; x_wconf 90' lang='lat' dir='ltr'>miror</span> <span class='ocrx_word' id='word_1_166' title='bbox 473 2624 692 2693; x_wconf 81' lang='lat' dir='ltr'>Christianum</span> <span class='ocrx_word' id='word_1_167' title='bbox 706 2628 860 2692; x_wconf 88' lang='lat' dir='ltr'>Petersen</span> <span class='ocrx_word' id='word_1_168' title='bbox 881 2628 915 2692; x_wconf 92' lang='lat' dir='ltr'>in</span> <span class='ocrx_word' id='word_1_169' title='bbox 936 2629 1034 2693; x_wconf 88' lang='lat' dir='ltr'>talem</span> <span class='ocrx_word' id='word_1_170' title='bbox 1048 2630 1239 2694; x_wconf 87' lang='lat' dir='ltr'>sententiam</span> 
     </span>
     <span class='ocr_line' id='line_1_23' title="bbox 135 2731 1239 2824; baseline -0.004 -22"><span class='ocrx_word' id='word_1_171' title='bbox 135 2760 237 2824; x_wconf 87' lang='lat' dir='ltr'>nuper</span> <span class='ocrx_word' id='word_1_172' title='bbox 258 2735 433 2816; x_wconf 76' lang='lat' dir='ltr'>aberrasse,</span> <span class='ocrx_word' id='word_1_173' title='bbox 454 2740 492 2798; x_wconf 89' lang='lat' dir='ltr'>ut</span> <span class='ocrx_word' id='word_1_174' title='bbox 513 2755 595 2817; x_wconf 92' lang='lat' dir='ltr'>quae</span> <span class='ocrx_word' id='word_1_175' title='bbox 616 2731 771 2797; x_wconf 87' lang='lat' dir='ltr'>Albertus</span> <span class='ocrx_word' id='word_1_176' title='bbox 787 2732 929 2820; x_wconf 86' lang='lat' dir='ltr'>Magnus</span> <span class='ocrx_word' id='word_1_177' title='bbox 950 2732 1020 2819; x_wconf 88' lang='lat' dir='ltr'>ipse</span> <span class='ocrx_word' id='word_1_178' title='bbox 1043 2733 1178 2816; x_wconf 76' lang='lat' dir='ltr'>allinxit,</span> <span class='ocrx_word' id='word_1_179' title='bbox 1200 2757 1239 2799; x_wconf 90' lang='lat' dir='ltr'>ea</span> 
     </span>
     <span class='ocr_line' id='line_1_24' title="bbox 136 2835 1238 2924; baseline -0.001 -19"><span class='ocrx_word' id='word_1_180' title='bbox 136 2841 244 2906; x_wconf 89' lang='lat' dir='ltr'>omnia</span> <span class='ocrx_word' id='word_1_181' title='bbox 263 2839 385 2924; x_wconf 84' lang='lat' dir='ltr'>scripta</span> <span class='ocrx_word' id='word_1_182' title='bbox 408 2861 482 2903; x_wconf 90' lang='lat' dir='ltr'>eum</span> <span class='ocrx_word' id='word_1_183' title='bbox 506 2836 665 2900; x_wconf 88' lang='lat' dir='ltr'>invenisse</span> <span class='ocrx_word' id='word_1_184' title='bbox 690 2835 725 2899; x_wconf 91' lang='lat' dir='ltr'>in</span> <span class='ocrx_word' id='word_1_185' title='bbox 751 2836 926 2923; x_wconf 85' lang='lat' dir='ltr'>archetypo</span> <span class='ocrx_word' id='word_1_186' title='bbox 953 2839 1124 2924; x_wconf 82' lang='lat' dir='ltr'>putaverit.</span> <span class='ocrx_word' id='word_1_187' title='bbox 1163 2838 1238 2904; x_wconf 90' lang='lat' dir='ltr'>Hac</span> 
     </span>
     <span class='ocr_line' id='line_1_25' title="bbox 135 2940 1238 3025; baseline 0 -17"><span class='ocrx_word' id='word_1_188' title='bbox 135 2943 250 3008; x_wconf 92' lang='lat' dir='ltr'>deinde</span> <span class='ocrx_word' id='word_1_189' title='bbox 278 2965 320 3006; x_wconf 90' lang='lat' dir='ltr'>ex</span> <span class='ocrx_word' id='word_1_190' title='bbox 347 2964 382 3007; x_wconf 89' lang='lat' dir='ltr'>re</span> <span class='ocrx_word' id='word_1_191' title='bbox 409 2941 500 3025; x_wconf 87' lang='lat' dir='ltr'>sequi</span> <span class='ocrx_word' id='word_1_192' title='bbox 527 2940 613 3004; x_wconf 91' lang='lat' dir='ltr'>idem</span> <span class='ocrx_word' id='word_1_193' title='bbox 640 2941 791 3025; x_wconf 87' lang='lat' dir='ltr'>opinatur</span> <span class='ocrx_word' id='word_1_194' title='bbox 814 2941 953 3006; x_wconf 88' lang='lat' dir='ltr'>melioris</span> <span class='ocrx_word' id='word_1_195' title='bbox 975 2950 1071 3007; x_wconf 88' lang='lat' dir='ltr'>notae</span> <span class='ocrx_word' id='word_1_196' title='bbox 1093 2943 1238 3009; x_wconf 90' lang='lat' dir='ltr'>codicem</span> 
     </span>
     <span class='ocr_line' id='line_1_26' title="bbox 136 3043 1213 3130; baseline 0 -20"><span class='ocrx_word' id='word_1_197' title='bbox 136 3047 273 3112; x_wconf 87' lang='lat' dir='ltr'>Alberto</span> <span class='ocrx_word' id='word_1_198' title='bbox 295 3044 423 3109; x_wconf 82' lang='lat' dir='ltr'>affuisse</span> <span class='ocrx_word' id='word_1_199' title='bbox 446 3053 542 3127; x_wconf 86' lang='lat' dir='ltr'>atque</span> <span class='ocrx_word' id='word_1_200' title='bbox 558 3043 582 3107; x_wconf 94' lang='lat' dir='ltr'>ii</span> <span class='ocrx_word' id='word_1_201' title='bbox 597 3051 683 3125; x_wconf 89' lang='lat' dir='ltr'>sunt,</span> <span class='ocrx_word' id='word_1_202' title='bbox 706 3065 787 3126; x_wconf 87' lang='lat' dir='ltr'>quos</span> <span class='ocrx_word' id='word_1_203' title='bbox 801 3066 899 3129; x_wconf 90' lang='lat' dir='ltr'>supra</span> <span class='ocrx_word' id='word_1_204' title='bbox 912 3043 1213 3130; x_wconf 62' lang='lat' dir='ltr'>adnotavimustffl)</span> 
     </span>
    </p>

    <p class='ocr_par' dir='ltr' id='par_1_4' title="bbox 135 3145 1238 3340">
     <span class='ocr_line' id='line_1_27' title="bbox 226 3145 1238 3232; baseline 0.003 -21"><span class='ocrx_word' id='word_1_205' title='bbox 226 3148 275 3211; x_wconf 90' lang='lat' dir='ltr'>At</span> <span class='ocrx_word' id='word_1_206' title='bbox 295 3168 373 3211; x_wconf 83' lang='lat' dir='ltr'>vero</span> <span class='ocrx_word' id='word_1_207' title='bbox 395 3146 549 3211; x_wconf 85' lang='lat' dir='ltr'>Albertus</span> <span class='ocrx_word' id='word_1_208' title='bbox 570 3147 639 3231; x_wconf 90' lang='lat' dir='ltr'>ipse</span> <span class='ocrx_word' id='word_1_209' title='bbox 666 3145 760 3211; x_wconf 89' lang='lat' dir='ltr'>claris</span> <span class='ocrx_word' id='word_1_210' title='bbox 783 3156 816 3208; x_wconf 90' lang='lat' dir='ltr'>et</span> <span class='ocrx_word' id='word_1_211' title='bbox 838 3148 996 3231; x_wconf 84' lang='lat' dir='ltr'>expressis</span> <span class='ocrx_word' id='word_1_212' title='bbox 1018 3149 1125 3214; x_wconf 88' lang='lat' dir='ltr'>verbis</span> <span class='ocrx_word' id='word_1_213' title='bbox 1147 3149 1238 3232; x_wconf 73' lang='lat' dir='ltr'>dicit,</span> 
     </span>
     <span class='ocr_line' id='line_1_28' title="bbox 135 3247 1237 3340; baseline 0.002 -23"><span class='ocrx_word' id='word_1_214' title='bbox 135 3274 171 3317; x_wconf 88' lang='lat' dir='ltr'>se</span> <span class='ocrx_word' id='word_1_215' title='bbox 192 3250 309 3315; x_wconf 91' lang='lat' dir='ltr'>librum</span> <span class='ocrx_word' id='word_1_216' title='bbox 330 3250 418 3315; x_wconf 92' lang='lat' dir='ltr'>illum</span> <span class='ocrx_word' id='word_1_217' title='bbox 441 3270 506 3314; x_wconf 90' lang='lat' dir='ltr'>non</span> <span class='ocrx_word' id='word_1_218' title='bbox 527 3258 593 3314; x_wconf 88' lang='lat' dir='ltr'>tam</span> <span class='ocrx_word' id='word_1_219' title='bbox 616 3247 814 3314; x_wconf 89' lang='lat' dir='ltr'>adverbum</span> <span class='ocrx_word' id='word_1_220' title='bbox 836 3247 1043 3337; x_wconf 88' lang='lat' dir='ltr'>descripsisse</span> <span class='ocrx_word' id='word_1_221' title='bbox 1061 3274 1157 3337; x_wconf 86' lang='lat' dir='ltr'>quam</span> <span class='ocrx_word' id='word_1_222' title='bbox 1179 3277 1237 3340; x_wconf 91' lang='lat' dir='ltr'>po-</span> 
     </span>
    </p>
   </div>
   <div class='ocr_carea' id='block_1_3' title="bbox 134 3516 1237 4272">
    <p class='ocr_par' dir='ltr' id='par_1_5' title="bbox 134 3516 1236 3669">
     <span class='ocr_line' id='line_1_29' title="bbox 134 3516 1236 3583; baseline 0.005 -18"><span class='ocrx_word' id='word_1_223' title='bbox 134 3525 238 3580; x_wconf 90' lang='lat' dir='ltr'>propter</span> <span class='ocrx_word' id='word_1_224' title='bbox 254 3523 338 3566; x_wconf 85' lang='lat' dir='ltr'>vastos</span> <span class='ocrx_word' id='word_1_225' title='bbox 357 3529 455 3565; x_wconf 89' lang='lat' dir='ltr'>eremos</span> <span class='ocrx_word' id='word_1_226' title='bbox 473 3516 662 3566; x_wconf 84' lang='lat' dir='ltr'>interiacentes:</span> <span class='ocrx_word' id='word_1_227' title='bbox 681 3518 726 3567; x_wconf 88' lang='lat' dir='ltr'>sed</span> <span class='ocrx_word' id='word_1_228' title='bbox 744 3533 760 3566; x_wconf 85' lang='lat' dir='ltr'>a</span> <span class='ocrx_word' id='word_1_229' title='bbox 777 3517 912 3581; x_wconf 82' lang='lat' dir='ltr'>provinciis</span> <span class='ocrx_word' id='word_1_230' title='bbox 925 3533 1002 3581; x_wconf 88' lang='lat' dir='ltr'>snpra</span> <span class='ocrx_word' id='word_1_231' title='bbox 1012 3519 1148 3568; x_wconf 84' lang='lat' dir='ltr'>nominatis</span> <span class='ocrx_word' id='word_1_232' title='bbox 1161 3535 1236 3583; x_wconf 83' lang='lat' dir='ltr'>quae-</span> 
     </span>
     <span class='ocr_line' id='line_1_30' title="bbox 135 3601 1218 3669; baseline 0.005 -17"><span class='ocrx_word' id='word_1_233' title='bbox 135 3603 193 3652; x_wconf 88' lang='lat' dir='ltr'>dam</span> <span class='ocrx_word' id='word_1_234' title='bbox 211 3610 332 3652; x_wconf 84' lang='lat' dir='ltr'>rocantur</span> <span class='ocrx_word' id='word_1_235' title='bbox 350 3603 413 3652; x_wconf 86' lang='lat' dir='ltr'>eitra</span> <span class='ocrx_word' id='word_1_236' title='bbox 426 3601 580 3665; x_wconf 80' lang='lat' dir='ltr'>Aquilonem</span> <span class='ocrx_word' id='word_1_237' title='bbox 598 3605 744 3664; x_wconf 83' lang='lat' dir='ltr'>existentes,</span> <span class='ocrx_word' id='word_1_238' title='bbox 763 3604 827 3653; x_wconf 85' lang='lat' dir='ltr'>aliae</span> <span class='ocrx_word' id='word_1_239' title='bbox 845 3605 925 3653; x_wconf 87' lang='lat' dir='ltr'>multo</span> <span class='ocrx_word' id='word_1_240' title='bbox 941 3605 1027 3668; x_wconf 87' lang='lat' dir='ltr'>plures</span> <span class='ocrx_word' id='word_1_241' title='bbox 1045 3606 1218 3669; x_wconf 81' lang='lat' dir='ltr'>ignorantur“.</span> 
     </span>
    </p>

    <p class='ocr_par' dir='ltr' id='par_1_6' title="bbox 134 3685 1237 3925">
     <span class='ocr_line' id='line_1_31' title="bbox 205 3685 1237 3753; baseline 0.007 -17"><span class='ocrx_word' id='word_1_242' title='bbox 205 3685 273 3748; x_wconf 87' lang='grc'>212)</span> <span class='ocrx_word' id='word_1_243' title='bbox 292 3689 338 3737; x_wconf 84' lang='lat' dir='ltr'>cfr.</span> <span class='ocrx_word' id='word_1_244' title='bbox 356 3689 373 3736; x_wconf 93' lang='lat' dir='ltr'>l.</span> <span class='ocrx_word' id='word_1_245' title='bbox 387 3704 408 3737; x_wconf 89' lang='lat' dir='ltr'>c.</span> <span class='ocrx_word' id='word_1_246' title='bbox 426 3703 484 3751; x_wconf 84' lang='lat' dir='ltr'>pag.</span> <span class='ocrx_word' id='word_1_247' title='bbox 503 3686 568 3738; x_wconf 74' lang='lat'>284:</span> <span class='ocrx_word' id='word_1_248' title='bbox 592 3690 746 3746; x_wconf 85' lang='lat' dir='ltr'>„Policletus</span> <span class='ocrx_word' id='word_1_249' title='bbox 769 3699 854 3739; x_wconf 90' lang='lat' dir='ltr'>antem</span> <span class='ocrx_word' id='word_1_250' title='bbox 877 3692 977 3753; x_wconf 82' lang='lat' dir='ltr'>sapiens</span> <span class='ocrx_word' id='word_1_251' title='bbox 995 3693 1175 3743; x_wconf 81' lang='lat' dir='ltr'>Meridionales</span> <span class='ocrx_word' id='word_1_252' title='bbox 1193 3696 1237 3743; x_wconf 83' lang='lat' dir='ltr'>de·</span> 
     </span>
     <span class='ocr_line' id='line_1_32' title="bbox 134 3774 1236 3838; baseline 0.006 -14"><span class='ocrx_word' id='word_1_253' title='bbox 134 3776 234 3838; x_wconf 80' lang='lat' dir='ltr'>scripsit</span> <span class='ocrx_word' id='word_1_254' title='bbox 244 3784 338 3838; x_wconf 82' lang='lat' dir='ltr'>partes,</span> <span class='ocrx_word' id='word_1_255' title='bbox 357 3774 533 3824; x_wconf 83' lang='lat' dir='ltr'>Occidentales</span> <span class='ocrx_word' id='word_1_256' title='bbox 551 3781 636 3823; x_wconf 90' lang='lat' dir='ltr'>antem</span> <span class='ocrx_word' id='word_1_257' title='bbox 653 3790 699 3837; x_wconf 90' lang='lat' dir='ltr'>per</span> <span class='ocrx_word' id='word_1_258' title='bbox 716 3777 845 3824; x_wconf 85' lang='lat' dir='ltr'>itineraria</span> <span class='ocrx_word' id='word_1_259' title='bbox 862 3791 909 3824; x_wconf 86' lang='lat' dir='ltr'>sua</span> <span class='ocrx_word' id='word_1_260' title='bbox 920 3777 1028 3826; x_wconf 84' lang='lat' dir='ltr'>Romani</span> <span class='ocrx_word' id='word_1_261' title='bbox 1046 3780 1185 3830; x_wconf 85' lang='lat' dir='ltr'>sciverunt:</span> <span class='ocrx_word' id='word_1_262' title='bbox 1204 3796 1236 3830; x_wconf 91' lang='lat' dir='ltr'>eo</span> 
     </span>
     <span class='ocr_line' id='line_1_33' title="bbox 134 3860 1023 3925; baseline 0.003 -15"><span class='ocrx_word' id='word_1_263' title='bbox 134 3862 202 3924; x_wconf 88' lang='lat' dir='ltr'>quod</span> <span class='ocrx_word' id='word_1_264' title='bbox 220 3862 246 3910; x_wconf 91' lang='lat' dir='ltr'>in</span> <span class='ocrx_word' id='word_1_265' title='bbox 265 3860 404 3910; x_wconf 86' lang='lat' dir='ltr'>Occidente</span> <span class='ocrx_word' id='word_1_266' title='bbox 421 3862 557 3925; x_wconf 83' lang='lat' dir='ltr'>praecipue</span> <span class='ocrx_word' id='word_1_267' title='bbox 576 3869 647 3909; x_wconf 89' lang='lat' dir='ltr'>erant</span> <span class='ocrx_word' id='word_1_268' title='bbox 664 3862 777 3910; x_wconf 86' lang='lat' dir='ltr'>dominia</span> <span class='ocrx_word' id='word_1_269' title='bbox 794 3862 891 3910; x_wconf 82' lang='lat' dir='ltr'>atriae</span> <span class='ocrx_word' id='word_1_270' title='bbox 909 3862 1023 3913; x_wconf 79' lang='lat' dir='ltr'>eornm‘.</span> 
     </span>
    </p>

    <p class='ocr_par' dir='ltr' id='par_1_7' title="bbox 204 3943 1035 4012">
     <span class='ocr_line' id='line_1_34' title="bbox 204 3943 1035 4012; baseline 0.005 -16"><span class='ocrx_word' id='word_1_271' title='bbox 204 3945 272 4007; x_wconf 82' lang='lat'>213)</span> <span class='ocrx_word' id='word_1_272' title='bbox 290 3947 389 3996; x_wconf 82' lang='lat' dir='ltr'>Albert</span> <span class='ocrx_word' id='word_1_273' title='bbox 407 3948 492 4010; x_wconf 80' lang='lat' dir='ltr'>Magn</span> <span class='ocrx_word' id='word_1_274' title='bbox 511 3963 569 4010; x_wconf 84' lang='lat' dir='ltr'>pag.</span> <span class='ocrx_word' id='word_1_275' title='bbox 582 3943 679 3996; x_wconf 86' lang='grc' dir='ltr'>292.Β.</span> <span class='ocrx_word' id='word_1_276' title='bbox 714 3947 761 3996; x_wconf 89' lang='lat' dir='ltr'>cfr.</span> <span class='ocrx_word' id='word_1_277' title='bbox 774 3947 885 3998; x_wconf 84' lang='lat' dir='ltr'>Gronov.</span> <span class='ocrx_word' id='word_1_278' title='bbox 902 3964 961 4012; x_wconf 77' lang='lat' dir='ltr'>pag.</span> <span class='ocrx_word' id='word_1_279' title='bbox 976 3949 1035 4002; x_wconf 78' lang='lat'>732.</span> 
     </span>
    </p>

    <p class='ocr_par' dir='ltr' id='par_1_8' title="bbox 203 4031 688 4097">
     <span class='ocr_line' id='line_1_35' title="bbox 203 4031 688 4097; baseline 0.002 -16"><span class='ocrx_word' id='word_1_280' title='bbox 203 4031 273 4093; x_wconf 74' lang='lat'>214)</span> <span class='ocrx_word' id='word_1_281' title='bbox 293 4034 339 4082; x_wconf 83' lang='lat' dir='ltr'>cir.</span> <span class='ocrx_word' id='word_1_282' title='bbox 358 4033 468 4084; x_wconf 80' lang='lat' dir='ltr'>Gronov.</span> <span class='ocrx_word' id='word_1_283' title='bbox 490 4049 547 4097; x_wconf 84' lang='lat' dir='ltr'>pag.</span> <span class='ocrx_word' id='word_1_284' title='bbox 562 4032 621 4082; x_wconf 83' lang='lat'>720.</span> <span class='ocrx_word' id='word_1_285' title='bbox 634 4035 688 4082; x_wconf 90' lang='lat' dir='ltr'>init.</span> 
     </span>
    </p>

    <p class='ocr_par' dir='ltr' id='par_1_9' title="bbox 204 4115 837 4183">
     <span class='ocr_line' id='line_1_36' title="bbox 204 4115 837 4183; baseline 0.002 -15"><span class='ocrx_word' id='word_1_286' title='bbox 204 4115 273 4180; x_wconf 83' lang='lat'>215)</span> <span class='ocrx_word' id='word_1_287' title='bbox 292 4119 338 4169; x_wconf 80' lang='lat' dir='ltr'>cir.</span> <span class='ocrx_word' id='word_1_288' title='bbox 358 4119 469 4170; x_wconf 83' lang='lat' dir='ltr'>Gronov.</span> <span class='ocrx_word' id='word_1_289' title='bbox 487 4135 545 4183; x_wconf 81' lang='lat' dir='ltr'>pag.</span> <span class='ocrx_word' id='word_1_290' title='bbox 559 4118 618 4169; x_wconf 85' lang='grc'>726.</span> <span class='ocrx_word' id='word_1_291' title='bbox 628 4128 692 4169; x_wconf 89' lang='lat' dir='ltr'>extr.</span> <span class='ocrx_word' id='word_1_292' title='bbox 712 4117 771 4168; x_wconf 76' lang='lat'><strong>727.</strong></span> <span class='ocrx_word' id='word_1_293' title='bbox 783 4120 837 4169; x_wconf 77' lang='lat' dir='ltr'>init</span> 
     </span>
    </p>

    <p class='ocr_par' dir='ltr' id='par_1_10' title="bbox 205 4202 986 4272">
     <span class='ocr_line' id='line_1_37' title="bbox 205 4202 986 4272; baseline 0.005 -19"><span class='ocrx_word' id='word_1_294' title='bbox 205 4202 272 4264; x_wconf 78' lang='lat'>21⁰)</span> <span class='ocrx_word' id='word_1_295' title='bbox 291 4206 336 4255; x_wconf 79' lang='lat' dir='ltr'>eir.</span> <span class='ocrx_word' id='word_1_296' title='bbox 354 4207 476 4258; x_wconf 82' lang='lat' dir='ltr'>Petersen</span> <span class='ocrx_word' id='word_1_297' title='bbox 493 4207 510 4256; x_wconf 86' lang='lat'>1.</span> <span class='ocrx_word' id='word_1_298' title='bbox 520 4223 543 4257; x_wconf 89' lang='lat' dir='ltr'>e.</span> <span class='ocrx_word' id='word_1_299' title='bbox 560 4222 619 4272; x_wconf 87' lang='lat' dir='ltr'>pag.</span> <span class='ocrx_word' id='word_1_300' title='bbox 635 4205 760 4257; x_wconf 60' lang='grc'>16111111</span> <span class='ocrx_word' id='word_1_301' title='bbox 780 4204 840 4257; x_wconf 76' lang='lat'><strong>179.</strong></span> <span class='ocrx_word' id='word_1_302' title='bbox 852 4215 917 4257; x_wconf 80' lang='lat' dir='ltr'>extr.</span> <span class='ocrx_word' id='word_1_303' title='bbox 930 4222 986 4270; x_wconf 81' lang='lat' dir='ltr'>sqq.</span> 
     </span>
    </p>
   </div>
   <div class='ocr_carea' id='block_1_4' title="bbox 0 0 1380 4844">
    <p class='ocr_par' dir='ltr' id='par_1_11' title="bbox 0 0 1380 4844">
     <span class='ocr_line' id='line_1_38' title="bbox 0 0 1380 4844; baseline 0 0"><span class='ocrx_word' id='word_1_304' title='bbox 0 0 1380 4844; x_wconf 95' lang='lat' dir='ltr'> </span> 
     </span>
    </p>
   </div>
  </div>
 </body>
</html>
