2752 4844
658 420 720 490 169

139 592 452 661 curialibrariorum
475 604 508 662 et
529 597 610 663 ordo
632 597 758 684 apicum
780 604 813 663 et
833 596 954 662 formae
971 597 1059 684 ipsae
1074 596 1242 682 depravati

139 705 256 763 essent.
302 696 412 780 Quare
438 706 475 764 ut
502 701 613 786 paucis
640 700 828 765 sententiam
850 709 993 766 nostram
1015 699 1055 766 de
1078 703 1242 768 elementis

137 799 248 886 Ethici
277 802 339 867 hoc
366 804 444 869 loco'
462 811 661 890 repetamus,
691 804 792 869 exiis
815 826 896 889 quae
918 827 1016 891 supra
1037 805 1242 891 exposuimus

137 903 296 988 sequitur:
327 905 588 992 alphabetum
618 907 705 972 eius
726 907 955 974 litterarum
977 906 1242 976 Sclavenica·

136 1028 219 1071 rum
248 1010 454 1095 exemplar
483 1017 521 1074 et
551 1009 817 1099 archetypum
846 1011 992 1094 fuisse,
1021 1011 1081 1077 ita
1108 1019 1152 1075 ut
1173 1011 1240 1077 de·-

137 1131 259 1176 oursu
287 1113 543 1178 saeculorum
572 1136 618 1179 ex
641 1115 925 1200 antiquissima
946 1113 1019 1180 ill'a
1041 1123 1079 1180 et
1100 1115 1241 1180 incon-

138 1213 225 1297 dita
253 1215 430 1302 imagine
458 1217 712 1284 recentiores
740 1216 1046 1305 Glagolitarum
1077 1218 1240 1302 ductus,

137 1317 373 1385 emendatos
400 1320 517 1386 simul
547 1329 668 1407 atque
697 1329 858 1406 auctos,
889 1330 1000 1388 ortos
1030 1344 1117 1389 esse
1146 1344 1241 1389 con·

136 1420 331 1487 fitendum
354 1424 492 1507 sitm).
1015 1442 1017 1447 ’

148 1565 153 1574 ·
226 1525 293 1594 Sed
322 1527 362 1592 ab
390 1526 510 1594 Ethico
540 1527 733 1614 philosopho
762 1529 824 1594 etsi
852 1529 959 1616 apices
982 1528 1166 1598 Sclavenici
1193 1530 1241 1596 in·

137 1630 224 1694 venti
253 1639 327 1696 sunt
354 1640 478 1716 tamen,
507 1632 597 1699 libris
623 1633 692 1698 eius
719 1640 756 1698 ut
784 1631 911 1698 videtur
938 1635 1033 1720 plane
1055 1633 1241 1720 deperditis,

136 1734 262 1799 nonnisi
290 1757 331 1800 ex
359 1734 394 1803 S.
417 1736 609 1823 Hieronymi
637 1737 782 1803 versione
809 1735 1084 1825 Cosmographiae
1112 1738 1242 1827 dignos·

137 1844 268 1916 cuntur3
298 1836 383 1902 hunc
404 1839 511 1925 ipsum
532 1840 632 1926 igitur
655 1863 674 1904 a
697 1840 846 1926 gentibus
870 1840 1059 1908 Sclavorum
1081 1865 1141 1927 pro
1164 1865 1240 1909 vero

137 1937 406 2026 Glagoliticarum
427 1942 606 2008 litterarum
629 1941 793 2009 inventore
816 1944 931 2028 accipi,
955 1945 1026 2028 quis
1050 1946 1168 2029 estqui
1184 1945 1241 2011 ad-

137 2043 290 2109 miretur?
328 2043 421 2127 Quae
448 2067 499 2112 res
528 2052 682 2131 quantum
711 2045 887 2112 subsidium
915 2047 1092 2112 sententiae
1113 2057 1241 2114 nostrae

136 2148 305 2232 praebeat,
338 2151 496 2215 neminem
524 2156 562 2213 nt
591 2146 749 2215 credimus
779 2148 918 2238 effugiet.
970 2149 1058 2216 Nam
1088 2151 1115 2216 si
1145 2152 1242 2217 certis

137 2253 333 2339 argumentis
356 2251 558 2339 comprobari
576 2251 705 2337 poterit,
728 2252 884 2317 elementa
895 2250 1092 2341 Glagolitica
1113 2277 1241 2321 rumore

137 2357 353 2422 vetustissimo
375 2380 434 2442 per
457 2355 665 2424 Sclavonicas
691 2355 836 2421 nationes
858 2356 954 2444 longe
975 2358 1107 2444 lateque.
1125 2357 1241 2425 diffuso

138 2458 180 2524 ad
209 2468 372 2525 auctorem
402 2460 436 2528 S.
467 2459 701 2546 Hieronymum
729 2458 855 2524 reduci:
897 2460 1102 2546 alphabetum
1130 2462 1241 2528 Ethici

138 2585 210 2628 cunr
227 2561 424 2651 Glagelitioo
447 2585 487 2628 ex
510 2563 597 2628 omni
619 2570 711 2648 parte
734 2563 913 2630 consentire
936 2572 1024 2629 certo
1047 2566 1165 2631 certius
1180 2575 1238 2632 est.

136 2667 232 2732 Hanc
253 2667 353 2755 igitur
374 2667 592 2751 quaestionem
618 2667 823 2755 paragrapho
845 2669 989 2753 sequenti
1011 2668 1239 2737 instituendam

136 2770 228 2856 nobis
250 2771 484 2858 proposuimus.

644 3020 675 3103 §-
698 3019 729 3086 3.

155 3161 326 3213 Llu'ruuns
355 3161 616 3214 GLAGOLITICAS
643 3163 693 3212 AD
720 3163 747 3213 S.
770 3161 1006 3215 HIERONYMVM
1027 3165 1222 3219 AVCTOREM

309 3248 441 3300 REDVCI
467 3249 563 3298 APVD
591 3246 751 3300 SOLAVOS
777 3247 1071 3302 DEMONSTRATVR.

224 3391 252 3458 I.
300 3392 520 3480 Alphabetum
551 3391 782 3480 Glagoliticum
810 3391 897 3478 quod
926 3416 946 3458 a
974 3394 1095 3462 Sancto
1124 3395 1239 3462 Hiero-

136 3520 233 3585 nymo
256 3497 392 3563 maiores
415 3504 490 3562 suos
512 3496 674 3583 accepisse
697 3494 848 3580 credunt,
879 3498 1238 3588 Hieronymianum

135 3600 256 3667 hodie
278 3599 600 3687 quoque.Selavi
622 3599 815 3667 vocitant.
863 3600 965 3669 Cuius
988 3604 1034 3669 rei
1056 3605 1239 3672 testimonia

135 3708 238 3772 multa
264 3691 488 3772 inveniuntur..
523 3702 573 3769 Ut
602 3704 685 3769 enim
714 3713 839 3770 taceam
867 3728 949 3790 quae
976 3707 1016 3773 de
1038 3707 1239 3797 Hieronymo

136 3820 267 3876 auctore
280 3811 458 3876 litterarum
473 3808 639 3896 proferunt
649 3805 813 3890 Kohlm),
828 3807 898 3873 Ioh.
911 3808 1035 3876 Leonh.
1046 3811 1238 3898 Friseh⁴⁴⁴),

206 3988 275 4051 112)
294 3991 409 4041 Eandem
432 3992 484 4041 sere
509 3993 539 4040 de
562 3991 652 4041 litteris
670 3988 754 4038 Ethici
772 3991 923 4041 sentemiam
941 3992 1038 4056 profert
1056 3994 1088 4045 V.
1108 3992 1147 4045 Ol.
1166 3994 1238 4045 Mau-

135 4076 206 4126 ritius
218 4067 319 4140 Haupt,
337 4079 353 4127 l.
367 4093 389 4128 c.
408 4093 465 4142 pag.
481 4077 522 4127 10.
534 4077 601 4127 med.

205 4161 274 4224 443)
293 4164 310 4213 l.
324 4180 345 4213 c.
364 4179 422 4228 pag.
437 4163 478 4214 77.
498 4171 523 4214 et
541 4165 596 4214 aliis
614 4164 686 4213 locis.

206 4245 275 4309 411)
296 4249 392 4315 „Origo
411 4251 561 4302 characteris
580 4249 738 4304 sclavonici“
759 4259 805 4302 cte.
827 4249 902 4303 1727.
921 4254 1023 4317 passim.
