2752 4844
739 398 807 478 ,146

308 570 404 637 ‘Dicit
426 581 532 637 autern
549 575 705 658 interpres
720 562 773 637 ille
787 572 820 639 in
835 570 1093 658 Cosmographia
1109 595 1141 657 p.
1155 574 1231 656 464,
1248 599 1278 639 v.
1293 577 1330 643 6:

229 678 318 762 „Nos
341 677 449 760 itaque
471 677 508 740 in
528 676 686 760 aliquibus
701 676 844 761 epistolis
859 675 1050 740 mentionem
1065 675 1330 761 philosophorum

228 789 260 847 et
282 802 391 846 eorum
413 780 559 846 laborum
582 779 822 863 studiorumque
844 778 992 854 fecimus-3
1016 776 1171 844 lharcam
1188 780 1330 864 [induxi-

226 885 310 968 mus]
339 884 373 947 in
401 882 512 949 sabulo
526 882 714 950 cathedrae
735 883 925 949 insidentem
948 904 1063 948 aureae
1092 882 1134 946 ad
1162 885 1329 952 meridiem

226 989 323 1055 maris
349 987 478 1070 oceani,
513 987 728 1074 disputantem
761 1009 834 1052 oum
862 985 1027 1073 discipulis
1055 987 1122 1051 suis
1150 987 1191 1053 de
1220 1012 1330 1056 mensa

227 1092 302 1159 solis
332 1099 364 1156 et
392 1099 550 1156 astrorum
578 1089 780 1175 siderumque
809 1090 1023 1156 differentia.“
1080 1090 1239 1179 Intelligit
1264 1094 1329 1179 epi-

226 1196 340 1262 stolam
364 1193 405 1258 ad
419 1194 600 1277 Paulinum,
623 1193 664 1258 de
686 1193 791 1259 studio
808 1192 1127 1279 Scriptiuarum⁸⁴⁰),
1150 1217 1235 1260 anno
1253 1197 1327 1266 396.

226 1299 457 1383 conscriptam3
487 1298 520 1361 in
543 1320 581 1363 ea
594 1297 687 1362 'enirn
708 1297 843 1383 legimus
864 1296 960 1362 haec:
997 1298 1142 1381 „Habuit
1162 1298 1219 1362 illa
1241 1307 1329 1378 aetas

228 1402 426 1487 „inauditum
448 1401 595 1467 omnibus
616 1399 752 1466 saecuhs
767 1399 1055 1486 celebrandumque
1070 1401 1270 1485 miraculum,
1292 1412 1328 1467 ut

228 1507 359 1591 „urbem
380 1512 503 1570 tantam
527 1501 790 1587 (scilliomam)
815 1504 953 1590 egressi,
967 1548 969 1554 ·
982 1504 1078 1570 aliud.
1097 1513 1189 1571 extra
1216 1506 1327 1573 urbem

228 1616 445 1697 „quaererent
479 1607 671 1692 Apollonius
686 1645 727 1655 -
749 1606 815 1672 sive
837 1607 891 1674 ille
912 1631 1026 1696 magus
1048 1617 1084 1673 ut
1105 1609 1202 1696 vulgo
1225 1610 1327 1694 loqui-

229 1723 319 1798 „tur,
347 1713 414 1778 sive
443 1709 651 1795 philosophus
679 1719 716 1775 ut
736 1710 948 1798 Pythagorici
972 1711 1105 1778 tradrmt
1127 1750 1169 1760 —
1195 1712 1327 1778 intrarit

228 1818 374 1901 ,Persas
397 1813 604 1900 pertransivit
626 1811 817 1897 Caucasum,
840 1814 996 1898 Albanos,
1025 1814 1175 1903 Scythas,
1198 1815 1325 1883 Massa-

227 1929 349 2008 „getas,
368 1916 610 2004 opulentissima
630 1915 742 2008 Indiae
764 1940 864 2005 regna
884 1920 1080 2006 penetravit:
1104 1927 1136 1983 et
1152 1918 1202 2007 ,ad
1224 1928 1326 1986 extre·

226 2047 333 2107 „mum
354 2022 488 2108 Physon
517 2042 608 2085 amne
634 2020 837 2103 transmisso,
867 2021 1013 2107 pervenit
1036 2021 1078 2086 ad
1097 2021 1326 2105 Brachmanae,

139 2140 144 2150 ’
226 2135 288 2210 „ut
309 2126 499 2190 Hiarcam
520 2124 559 2187 in
582 2123 724 2188 throno
748 2123 953 2189 sedentem
979 2147 1097 2191 aureo
1120 2134 1153 2190 et
1176 2124 1217 2190 de
1239 2125 1323 2191 Tan-

225 2228 303 2311 „tali
330 2227 440 2291 fonte
468 2234 674 2312 potantem
702 2226 808 2291 inter
841 2249 989 2312 paucos
1018 2214 1249 2314 discipulos
1279 2229 1322 2294 de

225 2337 407 2413 „natura,
429 2326 476 2393 de
504 2329 696 2413 motibus,
730 2351 774 2394 ac
803 2329 987 2415 syderum
1017 2320 1322 2405 e'ursuaudiret

225 2432 470 2516 „docentem
484 2431 561 2499 inde
573 2457 633 2521 per
647 2433 814 2514 Elamitas,
826 2432 1033 2520 Babylonios,
1046 2431 1239 2518 Chaldaeos,
1254 2432 1322 2502 Me·

224 2535 315 2620 „dos,
330 2535 494 2626 Assyrios,
510 2536 659 2619 Parthos,
675 2534 787 2622 Syros,
803 2535 940 2620 Arabes,
954 2536 1155 2605 Palaestinos
1179 2560 1323 2606 reversus

224 2637 490 2723 ,Alexandriam
519 2640 661 2726 perrexit
682 2638 890 2725 Aethiopiam
913 2647 949 2705 ut
972 2640 1266 2729 Gymnosophistas
1287 2652 1321 2709 et

223 2741 551 2824 „famosissimam
564 2741 679 2838 Solis·
695 2763 866 2808 mensam
888 2742 1050 2809 videret
1071 2744 1111 2808 in
1133 2746 1311 2813 sabulo“.

307 2843 435 2911 Deinde
461 2845 496 2908 in
518 2841 775 2931 cosmographia
795 2843 906 2909 Ethici
930 2848 1022 2937 (pag.
1039 2848 1115 2931 492,
1137 2871 1168 2914 y.
1181 2851 1212 2918 2.
1232 2851 1318 2937 sqq.)

190 3002 192 3007 .
220 2947 375 3033 scripturn
396 2944 590 3038 invenimus:
615 2947 692 3033 „qui
708 2947 752 3032 [h.
769 2971 796 3015 e.
812 2947 1025 3016 Macedonius
1041 2952 1140 3019 etalii
1155 2937 1319 3040 haeretici]

220 3050 415 3136 scripserunt
442 3050 593 3115 nonnulla
621 3050 746 3117 inutilia
772 3061 806 3117 et
830 3053 962 3136 nociva,
992 3077 1074 3139 quae
1095 3065 1245 3144 mergunt
1266 3058 1319 3124 hc·

219 3154 336 3219 minem
357 3153 391 3217 in
412 3154 576 3218 interitum
599 3162 631 3218 et
652 3155 874 3239 perditionem.
908 3156 1005 3223 Unde
1026 3156 1067 3222 ad
1085 3150 1319 3247 memetipsum

218 3256 321 3322 refero
343 3257 434 3340 quia,
457 3256 518 3322 nisi
540 3257 698 3324 Dominus
721 3258 896 3326 adiuvisset
918 3281 985 3342 me,
1008 3258 1214 3346 paulominus
1231 3264 1319 3331 habi·

217 3366 318 3425 tasset
331 3360 364 3424 in
379 3360 502 3427 inferno
518 3359 622 3425 anima
636 3365 738 3427 mea“.
767 3362 812 3427 Et
827 3363 848 3428 l.
860 3384 927 3448 cp.
942 3364 1016 3447 501,
1029 3388 1061 3450 p.
1071 3365 1172 3431 med:
1190 3366 1317 3448 „Non-

216 3461 342 3527 nullis
378 3464 571 3530 noctibus
605 3485 651 3528 ac
686 3464 829 3531 diebus
863 3469 1072 3554 aegrotavi
1110 3490 1234 3553 usque
1269 3469 1316 3536 ad

216 3570 398 3648 mortem,
421 3574 460 3631 et
481 3568 764 3654 permolestum
787 3577 873 3634 erat
895 3569 989 3634 mihi
1011 3568 1170 3637 divinae
1192 3581 1233 3638 et
1256 3597 1316 3642 sa·

217 3687 308 3732 crae
330 3669 562 3755 scripturae
584 3672 730 3755 locum,
753 3694 980 3758 usquequaque
1000 3674 1118 3740 omissa
1139 3697 1232 3742 sacra
1252 3679 1316 3744 elo·

216 3767 290 3851 quia
313 3791 407 3854 quarn
432 3795 451 3836 a
474 3795 523 3841 me
545 3775 631 3840 fures
652 3775 835 3861 rapiebant,
865 3784 904 3841 et
931 3799 988 3842 me
1016 3780 1221 3865 captivum
1236 3781 1314 3846 'du-

214 3869 389 3958 xissent,
411 3875 444 3942 si
467 3877 599 3943 virtus
622 3877 761 3945 divina
783 3902 859 3944 non
882 3878 1121 3955 adfriisset“.

212 4031 381 4039 -----.--—⁴
396 4036 410 4040 ἡ

279 4119 354 4259 23ξὲ)
382 4125 427 4174 csr.
452 4125 600 4190 Hieronymi
625 4125 711 4192 Opera
734 4130 773 4179 ed.
794 4129 946 4191 vallarsius,
971 4137 1032 4181 tom.
1053 4128 1078 4192 1,
1103 4131 1245 4196 Epistolam
1269 4132 1310 4185 53.

209 4221 266 4271 με·
332 4209 375 4258 ‘B‘
878 4242 882 4246 .
962 4247 968 4258 ,
1205 4248 1225 4255 ..
