<?xml version="1.0" encoding="UTF-8"?>
<!DOCTYPE html PUBLIC "-//W3C//DTD XHTML 1.0 Transitional//EN"
    "http://www.w3.org/TR/xhtml1/DTD/xhtml1-transitional.dtd">
<html xmlns="http://www.w3.org/1999/xhtml" xml:lang="en" lang="en">
 <head>
  <title>
</title>
<meta http-equiv="Content-Type" content="text/html;charset=utf-8" />
  <meta name='ocr-system' content='tesseract 3.04.00' />
  <meta name='ocr-capabilities' content='ocr_page ocr_carea ocr_par ocr_line ocrx_word'/>
</head>
<body>
  <div class='ocr_page' id='page_1' title='image "./decosmographiae00pertgoog_0121.png"; bbox 0 0 2752 4844; ppageno 0'>
   <div class='ocr_carea' id='block_1_1' title="bbox 749 379 812 448">
    <p class='ocr_par' dir='ltr' id='par_1_1' title="bbox 749 379 812 448">
     <span class='ocr_line' id='line_1_1' title="bbox 749 379 812 448; baseline 0.032 -2"><span class='ocrx_word' id='word_1_1' title='bbox 749 379 812 448; x_wconf 77' lang='grc'>120</span> 
     </span>
    </p>
   </div>
   <div class='ocr_carea' id='block_1_2' title="bbox 230 549 1331 745">
    <p class='ocr_par' dir='ltr' id='par_1_2' title="bbox 230 549 1331 745">
     <span class='ocr_line' id='line_1_2' title="bbox 230 549 1331 639; baseline 0.004 -23"><span class='ocrx_word' id='word_1_2' title='bbox 230 552 313 617; x_wconf 83' lang='lat' dir='ltr'>ferre</span> <span class='ocrx_word' id='word_1_3' title='bbox 334 549 520 638; x_wconf 80' lang='lat' dir='ltr'>possumus,</span> <span class='ocrx_word' id='word_1_4' title='bbox 548 563 656 619; x_wconf 88' lang='lat' dir='ltr'>tamen</span> <span class='ocrx_word' id='word_1_5' title='bbox 684 553 747 619; x_wconf 89' lang='lat' dir='ltr'>hoo</span> <span class='ocrx_word' id='word_1_6' title='bbox 774 551 846 618; x_wconf 92' lang='lat' dir='ltr'>loco</span> <span class='ocrx_word' id='word_1_7' title='bbox 875 553 986 639; x_wconf 82' lang='lat' dir='ltr'>paucis</span> <span class='ocrx_word' id='word_1_8' title='bbox 1012 553 1105 620; x_wconf 85' lang='lat' dir='ltr'>nobis</span> <span class='ocrx_word' id='word_1_9' title='bbox 1126 554 1331 620; x_wconf 88' lang='lat' dir='ltr'>enumerandi</span> 
     </span>
     <span class='ocr_line' id='line_1_3' title="bbox 232 656 1024 745; baseline 0.003 -26"><span class='ocrx_word' id='word_1_10' title='bbox 232 664 333 720; x_wconf 83' lang='lat' dir='ltr'>amnt.</span> <span class='ocrx_word' id='word_1_11' title='bbox 379 656 463 723; x_wconf 87' lang='lat' dir='ltr'>Sunt</span> <span class='ocrx_word' id='word_1_12' title='bbox 482 665 588 722; x_wconf 87' lang='lat' dir='ltr'>autem</span> <span class='ocrx_word' id='word_1_13' title='bbox 611 665 778 740; x_wconf 82' lang='lat' dir='ltr'>sequentes</span> <span class='ocrx_word' id='word_1_14' title='bbox 802 656 1024 745; x_wconf 73' lang='lat' dir='ltr'>quinque²&#39;³):</span> 
     </span>
    </p>
   </div>
   <div class='ocr_carea' id='block_1_3' title="bbox 321 799 1332 911">
    <p class='ocr_par' dir='ltr' id='par_1_3' title="bbox 321 799 1332 911">
     <span class='ocr_line' id='line_1_4' title="bbox 321 799 1332 911; baseline 0.004 -17"><span class='ocrx_word' id='word_1_15' title='bbox 321 828 348 894; x_wconf 86' lang='lat'>1.</span> <span class='ocrx_word' id='word_1_16' title='bbox 395 825 490 893; x_wconf 79' lang='lat' dir='ltr'>oon.</span> <span class='ocrx_word' id='word_1_17' title='bbox 516 799 768 895; x_wconf 72' lang='lat' dir='ltr'>Parisiensis</span> <span class='ocrx_word' id='word_1_18' title='bbox 793 826 985 893; x_wconf 67' lang='lat' dir='ltr'>neartah.</span> <span class='ocrx_word' id='word_1_19' title='bbox 1015 827 1180 894; x_wconf 71' lang='lat' dir='ltr'>aaron.</span> <span class='ocrx_word' id='word_1_20' title='bbox 1208 826 1332 911; x_wconf 77' lang='lat' dir='ltr'>neoc,</span> 
     </span>
    </p>
   </div>
   <div class='ocr_carea' id='block_1_4' title="bbox 229 929 1366 1949">
    <p class='ocr_par' dir='ltr' id='par_1_4' title="bbox 230 929 1333 1119">
     <span class='ocr_line' id='line_1_5' title="bbox 230 929 1333 1019; baseline 0.001 -22"><span class='ocrx_word' id='word_1_21' title='bbox 230 930 305 997; x_wconf 89' lang='lat' dir='ltr'>olim</span> <span class='ocrx_word' id='word_1_22' title='bbox 325 929 576 1016; x_wconf 85' lang='lat' dir='ltr'>Moissiacensis,</span> <span class='ocrx_word' id='word_1_23' title='bbox 597 931 712 997; x_wconf 86' lang='lat' dir='ltr'>deinde</span> <span class='ocrx_word' id='word_1_24' title='bbox 725 931 916 1014; x_wconf 86' lang='lat' dir='ltr'>Pithuanus,</span> <span class='ocrx_word' id='word_1_25' title='bbox 936 939 1050 1019; x_wconf 84' lang='lat' dir='ltr'>postea</span> <span class='ocrx_word' id='word_1_26' title='bbox 1066 930 1251 1017; x_wconf 80' lang='lat' dir='ltr'>Thuaneus,</span> <span class='ocrx_word' id='word_1_27' title='bbox 1266 941 1333 998; x_wconf 92' lang='lat' dir='ltr'>tum</span> 
     </span>
     <span class='ocr_line' id='line_1_6' title="bbox 231 1030 1016 1119; baseline 0.001 -22"><span class='ocrx_word' id='word_1_28' title='bbox 231 1030 435 1119; x_wconf 71' lang='lat' dir='ltr'>(lelbertinus</span> <span class='ocrx_word' id='word_1_29' title='bbox 458 1036 556 1119; x_wconf 81' lang='lat'>2565,</span> <span class='ocrx_word' id='word_1_30' title='bbox 579 1035 851 1117; x_wconf 84' lang='lat' dir='ltr'>membranaceus,</span> <span class='ocrx_word' id='word_1_31' title='bbox 874 1035 907 1099; x_wconf 93' lang='lat' dir='ltr'>in</span> <span class='ocrx_word' id='word_1_32' title='bbox 929 1035 1016 1099; x_wconf 88' lang='lat' dir='ltr'>folio.</span> 
     </span>
    </p>

    <p class='ocr_par' dir='ltr' id='par_1_5' title="bbox 229 1122 1366 1949">
     <span class='ocr_line' id='line_1_7' title="bbox 231 1122 1330 1227; baseline 0.005 -27"><span class='ocrx_word' id='word_1_33' title='bbox 231 1122 248 1216; x_wconf 21' lang='lat'>.&#39;</span> <span class='ocrx_word' id='word_1_34' title='bbox 316 1137 406 1214; x_wconf 74' lang='lat' dir='ltr'>Inest</span> <span class='ocrx_word' id='word_1_35' title='bbox 428 1147 555 1224; x_wconf 88' lang='lat' dir='ltr'>praeter</span> <span class='ocrx_word' id='word_1_36' title='bbox 577 1139 640 1203; x_wconf 88' lang='lat' dir='ltr'>alia</span> <span class='ocrx_word' id='word_1_37' title='bbox 661 1139 762 1204; x_wconf 90' lang='lat' dir='ltr'>multa</span> <span class='ocrx_word' id='word_1_38' title='bbox 785 1137 837 1225; x_wconf 90' lang='lat' dir='ltr'>(de</span> <span class='ocrx_word' id='word_1_39' title='bbox 860 1137 975 1223; x_wconf 87' lang='lat' dir='ltr'>quibus</span> <span class='ocrx_word' id='word_1_40' title='bbox 998 1138 1054 1203; x_wconf 77' lang='lat' dir='ltr'>cfr.</span> <span class='ocrx_word' id='word_1_41' title='bbox 1071 1160 1169 1224; x_wconf 84' lang='lat' dir='ltr'>supra</span> <span class='ocrx_word' id='word_1_42' title='bbox 1183 1161 1261 1227; x_wconf 86' lang='lat' dir='ltr'>pag.</span> <span class='ocrx_word' id='word_1_43' title='bbox 1279 1141 1330 1207; x_wconf 84' lang='lat'>21.</span> 
     </span>
     <span class='ocr_line' id='line_1_8' title="bbox 230 1239 1331 1331; baseline 0.003 -26"><span class='ocrx_word' id='word_1_44' title='bbox 230 1241 357 1331; x_wconf 54' lang='lat' dir='ltr'>atat:</span> <span class='ocrx_word' id='word_1_45' title='bbox 381 1240 521 1306; x_wconf 84' lang='lat' dir='ltr'>Ethici</span> <span class='ocrx_word' id='word_1_46' title='bbox 537 1239 917 1330; x_wconf 84' lang='lat' dir='ltr'>Cosmographiaab</span> <span class='ocrx_word' id='word_1_47' title='bbox 933 1241 1181 1328; x_wconf 88' lang='lat' dir='ltr'>Hieronymo</span> <span class='ocrx_word' id='word_1_48' title='bbox 1203 1249 1331 1308; x_wconf 87' lang='lat' dir='ltr'>trans·</span> 
     </span>
     <span class='ocr_line' id='line_1_9' title="bbox 230 1343 1331 1427; baseline 0.005 -20"><span class='ocrx_word' id='word_1_49' title='bbox 230 1343 330 1427; x_wconf 89' lang='lat' dir='ltr'>lata,</span> <span class='ocrx_word' id='word_1_50' title='bbox 353 1367 436 1410; x_wconf 90' lang='lat' dir='ltr'>saec.</span> <span class='ocrx_word' id='word_1_51' title='bbox 452 1343 515 1409; x_wconf 91' lang='lat' dir='ltr'>XI.</span> <span class='ocrx_word' id='word_1_52' title='bbox 532 1346 584 1410; x_wconf 87' lang='lat' dir='ltr'>vel</span> <span class='ocrx_word' id='word_1_53' title='bbox 598 1345 680 1415; x_wconf 88' lang='lat' dir='ltr'>XII.</span> <span class='ocrx_word' id='word_1_54' title='bbox 697 1354 837 1411; x_wconf 85' lang='lat' dir='ltr'>exarata.</span> <span class='ocrx_word' id='word_1_55' title='bbox 872 1345 1099 1411; x_wconf 81' lang='lat' dir='ltr'>D’Avezacius</span> <span class='ocrx_word' id='word_1_56' title='bbox 1114 1344 1199 1412; x_wconf 87' lang='lat' dir='ltr'>hunc</span> <span class='ocrx_word' id='word_1_57' title='bbox 1215 1345 1331 1413; x_wconf 87' lang='lat' dir='ltr'>librum</span> 
     </span>
     <span class='ocr_line' id='line_1_10' title="bbox 229 1445 1337 1542; baseline 0.004 -31"><span class='ocrx_word' id='word_1_58' title='bbox 229 1447 263 1524; x_wconf 77' lang='lat' dir='ltr'>in</span> <span class='ocrx_word' id='word_1_59' title='bbox 285 1447 424 1542; x_wconf 87' lang='lat' dir='ltr'>editione</span> <span class='ocrx_word' id='word_1_60' title='bbox 444 1445 719 1536; x_wconf 86' lang='lat' dir='ltr'>Cosmographiae</span> <span class='ocrx_word' id='word_1_61' title='bbox 742 1450 882 1538; x_wconf 82' lang='lat' dir='ltr'>signavit</span> <span class='ocrx_word' id='word_1_62' title='bbox 903 1449 1011 1514; x_wconf 88' lang='lat' dir='ltr'>littera</span> <span class='ocrx_word' id='word_1_63' title='bbox 1024 1449 1062 1514; x_wconf 93' lang='lat' dir='ltr'>P.</span> <span class='ocrx_word' id='word_1_64' title='bbox 1095 1448 1136 1515; x_wconf 93' lang='lat' dir='ltr'>In</span> <span class='ocrx_word' id='word_1_65' title='bbox 1149 1449 1256 1515; x_wconf 88' lang='lat' dir='ltr'>fronte</span> <span class='ocrx_word' id='word_1_66' title='bbox 1280 1453 1337 1517; x_wconf 58' lang='lat' dir='ltr'>ex?</span> 
     </span>
     <span class='ocr_line' id='line_1_11' title="bbox 229 1547 1331 1640; baseline 0.003 -25"><span class='ocrx_word' id='word_1_67' title='bbox 229 1547 319 1616; x_wconf 90' lang='lat' dir='ltr'>hibet</span> <span class='ocrx_word' id='word_1_68' title='bbox 342 1551 483 1637; x_wconf 83' lang='lat' dir='ltr'>capitula</span> <span class='ocrx_word' id='word_1_69' title='bbox 505 1551 627 1635; x_wconf 89' lang='lat' dir='ltr'>eadem,</span> <span class='ocrx_word' id='word_1_70' title='bbox 650 1574 731 1637; x_wconf 88' lang='lat' dir='ltr'>quae</span> <span class='ocrx_word' id='word_1_71' title='bbox 754 1552 851 1618; x_wconf 89' lang='lat' dir='ltr'>habet</span> <span class='ocrx_word' id='word_1_72' title='bbox 874 1550 945 1617; x_wconf 89' lang='lat' dir='ltr'>cod.</span> <span class='ocrx_word' id='word_1_73' title='bbox 966 1552 1073 1640; x_wconf 85' lang='lat' dir='ltr'>Lngd.</span> <span class='ocrx_word' id='word_1_74' title='bbox 1089 1552 1163 1617; x_wconf 89' lang='lat' dir='ltr'>Bat.</span> <span class='ocrx_word' id='word_1_75' title='bbox 1179 1552 1331 1620; x_wconf 81' lang='lat' dir='ltr'>Vossian.</span> 
     </span>
     <span class='ocr_line' id='line_1_12' title="bbox 229 1654 1366 1744; baseline 0.007 -25"><span class='ocrx_word' id='word_1_76' title='bbox 229 1654 305 1719; x_wconf 85' lang='lat' dir='ltr'>Lat.</span> <span class='ocrx_word' id='word_1_77' title='bbox 328 1655 362 1718; x_wconf 92' lang='lat' dir='ltr'>in</span> <span class='ocrx_word' id='word_1_78' title='bbox 384 1656 429 1720; x_wconf 70' lang='lat'>[1⁰.</span> <span class='ocrx_word' id='word_1_79' title='bbox 456 1654 529 1722; x_wconf 85' lang='lat'><strong>113.</strong></span> <span class='ocrx_word' id='word_1_80' title='bbox 553 1677 636 1720; x_wconf 89' lang='lat' dir='ltr'>saec.</span> <span class='ocrx_word' id='word_1_81' title='bbox 653 1655 734 1744; x_wconf 93' lang='lat' dir='ltr'>XII.</span> <span class='ocrx_word' id='word_1_82' title='bbox 780 1655 865 1721; x_wconf 84' lang='lat' dir='ltr'>Eum</span> <span class='ocrx_word' id='word_1_83' title='bbox 887 1655 921 1721; x_wconf 92' lang='lat' dir='ltr'>in</span> <span class='ocrx_word' id='word_1_84' title='bbox 938 1655 1141 1722; x_wconf 76' lang='lat' dir='ltr'>Bibliotheca</span> <span class='ocrx_word' id='word_1_85' title='bbox 1154 1655 1331 1723; x_wconf 89' lang='lat' dir='ltr'>Bibliothe-</span> <span class='ocrx_word' id='word_1_86' title='bbox 1362 1716 1366 1727; x_wconf 80' lang='lat'><strong>.</strong></span> 
     </span>
     <span class='ocr_line' id='line_1_13' title="bbox 229 1754 1330 1855; baseline 0.004 -33"><span class='ocrx_word' id='word_1_87' title='bbox 229 1754 339 1822; x_wconf 66' lang='lat' dir='ltr'>‘carum</span> <span class='ocrx_word' id='word_1_88' title='bbox 367 1766 444 1855; x_wconf 77' lang='lat' dir='ltr'>tom.</span> <span class='ocrx_word' id='word_1_89' title='bbox 466 1756 518 1841; x_wconf 88' lang='lat' dir='ltr'>H,</span> <span class='ocrx_word' id='word_1_90' title='bbox 548 1781 622 1845; x_wconf 86' lang='lat' dir='ltr'>pag.</span> <span class='ocrx_word' id='word_1_91' title='bbox 645 1759 719 1828; x_wconf 88' lang='grc'><strong>961.</strong></span> <span class='ocrx_word' id='word_1_92' title='bbox 734 1759 774 1824; x_wconf 90' lang='grc' dir='ltr'>Β.</span> <span class='ocrx_word' id='word_1_93' title='bbox 805 1760 942 1836; x_wconf 77' lang='lat' dir='ltr'><strong>column.</strong></span> <span class='ocrx_word' id='word_1_94' title='bbox 968 1761 996 1827; x_wconf 87' lang='lat'>1.</span> <span class='ocrx_word' id='word_1_95' title='bbox 1025 1759 1136 1825; x_wconf 88' lang='lat' dir='ltr'>laudat</span> <span class='ocrx_word' id='word_1_96' title='bbox 1157 1758 1330 1826; x_wconf 85' lang='lat' dir='ltr'>Montefal-</span> 
     </span>
     <span class='ocr_line' id='line_1_14' title="bbox 230 1862 422 1949; baseline 0.021 -23"><span class='ocrx_word' id='word_1_97' title='bbox 230 1862 341 1929; x_wconf 88' lang='lat' dir='ltr'>conius</span> <span class='ocrx_word' id='word_1_98' title='bbox 357 1864 422 1949; x_wconf 79' lang='lat'><strong>²⁷⁴).</strong></span> 
     </span>
    </p>
   </div>
   <div class='ocr_carea' id='block_1_5' title="bbox 227 2031 1330 2620">
    <p class='ocr_par' dir='ltr' id='par_1_6' title="bbox 229 2031 1330 2222">
     <span class='ocr_line' id='line_1_15' title="bbox 232 2031 1330 2103; baseline -0.003 0"><span class='ocrx_word' id='word_1_99' title='bbox 232 2057 234 2060; x_wconf 73' lang='grc'>’</span> <span class='ocrx_word' id='word_1_100' title='bbox 316 2037 347 2103; x_wconf 84' lang='grc'>2.</span> <span class='ocrx_word' id='word_1_101' title='bbox 392 2031 486 2099; x_wconf 83' lang='lat' dir='ltr'>Ood.</span> <span class='ocrx_word' id='word_1_102' title='bbox 513 2034 761 2102; x_wconf 80' lang='lat' dir='ltr'>Pariai&#39;ensia</span> <span class='ocrx_word' id='word_1_103' title='bbox 783 2035 886 2101; x_wconf 88' lang='lat' dir='ltr'>Bibl.</span> <span class='ocrx_word' id='word_1_104' title='bbox 908 2034 1072 2100; x_wconf 80' lang='lat' dir='ltr'>Notion.</span> <span class='ocrx_word' id='word_1_105' title='bbox 1095 2032 1213 2101; x_wconf 78' lang='lat'><strong>4871.</strong></span> <span class='ocrx_word' id='word_1_106' title='bbox 1237 2043 1330 2100; x_wconf 87' lang='lat' dir='ltr'>antea</span> 
     </span>
     <span class='ocr_line' id='line_1_16' title="bbox 229 2135 1308 2222; baseline 0 -20"><span class='ocrx_word' id='word_1_107' title='bbox 229 2135 412 2221; x_wconf 80' lang='lat' dir='ltr'>Thuaneua,</span> <span class='ocrx_word' id='word_1_108' title='bbox 434 2145 504 2204; x_wconf 90' lang='lat' dir='ltr'>tum</span> <span class='ocrx_word' id='word_1_109' title='bbox 520 2137 736 2222; x_wconf 85' lang='lat' dir='ltr'>Oolbertinus,</span> <span class='ocrx_word' id='word_1_110' title='bbox 758 2140 792 2204; x_wconf 92' lang='lat' dir='ltr'>in</span> <span class='ocrx_word' id='word_1_111' title='bbox 806 2140 894 2222; x_wconf 87' lang='lat' dir='ltr'>folio,</span> <span class='ocrx_word' id='word_1_112' title='bbox 908 2138 1191 2220; x_wconf 86' lang='lat' dir='ltr'>membranaceus,¹</span> <span class='ocrx_word' id='word_1_113' title='bbox 1203 2159 1229 2202; x_wconf 87' lang='lat' dir='ltr'>s.</span> <span class='ocrx_word' id='word_1_114' title='bbox 1244 2136 1308 2202; x_wconf 88' lang='lat' dir='ltr'>XI.</span> 
     </span>
    </p>

    <p class='ocr_par' dir='ltr' id='par_1_7' title="bbox 227 2230 1329 2620">
     <span class='ocr_line' id='line_1_17' title="bbox 290 2230 1329 2329; baseline 0 -23"><span class='ocrx_word' id='word_1_115' title='bbox 290 2230 294 2236; x_wconf 50' lang='grc'><strong>’</strong></span> <span class='ocrx_word' id='word_1_116' title='bbox 317 2239 471 2306; x_wconf 75' lang='lat' dir='ltr'><strong>Continet</strong></span> <span class='ocrx_word' id='word_1_117' title='bbox 492 2236 620 2328; x_wconf 85' lang='lat' dir='ltr'>practer</span> <span class='ocrx_word' id='word_1_118' title='bbox 642 2242 787 2329; x_wconf 75' lang='lat' dir='ltr'>alia²⁷⁵):</span> <span class='ocrx_word' id='word_1_119' title='bbox 817 2242 871 2307; x_wconf 91' lang='lat' dir='ltr'>fol.</span> <span class='ocrx_word' id='word_1_120' title='bbox 887 2243 971 2311; x_wconf 77' lang='grc'><strong>104.</strong></span> <span class='ocrx_word' id='word_1_121' title='bbox 1000 2240 1140 2307; x_wconf 72' lang='lat' dir='ltr'>lithini</span> <span class='ocrx_word' id='word_1_122' title='bbox 1163 2236 1329 2306; x_wconf 80' lang='lat' dir='ltr'>Oo&#39;smo·</span> 
     </span>
     <span class='ocr_line' id='line_1_18' title="bbox 229 2343 1329 2432; baseline 0.001 -25"><span class='ocrx_word' id='word_1_123' title='bbox 229 2344 437 2432; x_wconf 81' lang='lat' dir='ltr'>graphium</span> <span class='ocrx_word' id='word_1_124' title='bbox 461 2367 542 2429; x_wconf 90' lang='lat' dir='ltr'>quae</span> <span class='ocrx_word' id='word_1_125' title='bbox 564 2346 678 2431; x_wconf 86' lang='lat' dir='ltr'>incipit</span> <span class='ocrx_word' id='word_1_126' title='bbox 698 2344 959 2430; x_wconf 78' lang='lat' dir='ltr'>,CAPITVLA</span> <span class='ocrx_word' id='word_1_127' title='bbox 974 2343 1188 2412; x_wconf 81' lang='lat' dir='ltr'>EIVSDEM</span> <span class='ocrx_word' id='word_1_128' title='bbox 1202 2343 1329 2410; x_wconf 82' lang='lat' dir='ltr'>LIBRI</span> 
     </span>
     <span class='ocr_line' id='line_1_19' title="bbox 227 2445 1328 2531; baseline 0.004 -19"><span class='ocrx_word' id='word_1_129' title='bbox 227 2445 278 2511; x_wconf 91' lang='lat' dir='ltr'>IN</span> <span class='ocrx_word' id='word_1_130' title='bbox 303 2445 400 2529; x_wconf 82' lang='lat' dir='ltr'>QVO</span> <span class='ocrx_word' id='word_1_131' title='bbox 425 2445 765 2516; x_wconf 82' lang='lat' dir='ltr'>CONTINENTVR</span> <span class='ocrx_word' id='word_1_132' title='bbox 787 2449 901 2516; x_wconf 88' lang='lat' dir='ltr'>VIIII.</span> <span class='ocrx_word' id='word_1_133' title='bbox 925 2457 985 2515; x_wconf 88' lang='lat' dir='ltr'>etc.</span> <span class='ocrx_word' id='word_1_134' title='bbox 1058 2450 1093 2515; x_wconf 93' lang='lat' dir='ltr'>A</span> <span class='ocrx_word' id='word_1_135' title='bbox 1107 2445 1328 2531; x_wconf 78' lang='lat' dir='ltr'>RELIQVIS</span> 
     </span>
     <span class='ocr_line' id='line_1_20' title="bbox 229 2548 1328 2620; baseline 0.001 -3"><span class='ocrx_word' id='word_1_136' title='bbox 229 2549 538 2620; x_wconf 81' lang='lat' dir='ltr'>SAPIENTIBVS</span> <span class='ocrx_word' id='word_1_137' title='bbox 567 2548 806 2619; x_wconf 81' lang='lat' dir='ltr'>ORIGINEM</span> <span class='ocrx_word' id='word_1_138' title='bbox 833 2548 1043 2618; x_wconf 62' lang='lat' dir='ltr'>IRAXW.</span> <span class='ocrx_word' id='word_1_139' title='bbox 1089 2551 1174 2617; x_wconf 79' lang='lat' dir='ltr'>llum</span> <span class='ocrx_word' id='word_1_140' title='bbox 1196 2551 1328 2618; x_wconf 87' lang='lat' dir='ltr'>D&#39;Ave-</span> 
     </span>
    </p>
   </div>
   <div class='ocr_carea' id='block_1_6' title="bbox 227 2653 913 2755">
    <p class='ocr_par' dir='ltr' id='par_1_8' title="bbox 227 2653 913 2755">
     <span class='ocr_line' id='line_1_21' title="bbox 227 2653 913 2755; baseline 0.007 -38"><span class='ocrx_word' id='word_1_141' title='bbox 227 2653 336 2719; x_wconf 87' lang='lat' dir='ltr'>zaoius</span> <span class='ocrx_word' id='word_1_142' title='bbox 359 2655 498 2742; x_wconf 82' lang='lat' dir='ltr'>signavit</span> <span class='ocrx_word' id='word_1_143' title='bbox 520 2655 628 2721; x_wconf 91' lang='lat' dir='ltr'>littera</span> <span class='ocrx_word' id='word_1_144' title='bbox 647 2655 689 2720; x_wconf 83' lang='grc' dir='ltr'>Τ.</span> <span class='ocrx_word' id='word_1_145' title='bbox 807 2740 817 2755; x_wconf 95' lang='lat'><strong>.</strong></span> <span class='ocrx_word' id='word_1_146' title='bbox 910 2739 913 2747; x_wconf 53' lang='lat'><strong>.</strong></span> 
     </span>
    </p>
   </div>
   <div class='ocr_carea' id='block_1_7' title="bbox 188 2823 1328 3331">
    <p class='ocr_par' dir='ltr' id='par_1_9' title="bbox 188 2823 1328 3123">
     <span class='ocr_line' id='line_1_22' title="bbox 316 2823 1328 2912; baseline -0.001 -18"><span class='ocrx_word' id='word_1_147' title='bbox 316 2827 346 2894; x_wconf 90' lang='grc'>3.</span> <span class='ocrx_word' id='word_1_148' title='bbox 386 2823 482 2891; x_wconf 84' lang='lat' dir='ltr'>Ood.</span> <span class='ocrx_word' id='word_1_149' title='bbox 504 2826 874 2895; x_wconf 86' lang='lat' dir='ltr'>ParisiensisBibl.</span> <span class='ocrx_word' id='word_1_150' title='bbox 891 2827 1050 2892; x_wconf 89' lang='lat' dir='ltr'>Nation.</span> <span class='ocrx_word' id='word_1_151' title='bbox 1074 2827 1251 2912; x_wconf 83' lang='lat' dir='ltr'><strong>8501.A‚</strong></span> <span class='ocrx_word' id='word_1_152' title='bbox 1274 2849 1328 2893; x_wconf 89' lang='lat' dir='ltr'>an-</span> 
     </span>
     <span class='ocr_line' id='line_1_23' title="bbox 188 2917 1327 3020; baseline 0.004 -26"><span class='ocrx_word' id='word_1_153' title='bbox 188 2969 198 2980; x_wconf 77' lang='lat'><strong>·</strong></span> <span class='ocrx_word' id='word_1_154' title='bbox 226 2937 281 2995; x_wconf 87' lang='lat' dir='ltr'>tea</span> <span class='ocrx_word' id='word_1_155' title='bbox 296 2926 517 3014; x_wconf 70' lang='lat' dir='ltr'>colbertinus,</span> <span class='ocrx_word' id='word_1_156' title='bbox 540 2940 608 2996; x_wconf 90' lang='lat' dir='ltr'>tum</span> <span class='ocrx_word' id='word_1_157' title='bbox 632 2930 762 2998; x_wconf 87' lang='lat' dir='ltr'>Claudii</span> <span class='ocrx_word' id='word_1_158' title='bbox 784 2933 924 3020; x_wconf 91' lang='lat' dir='ltr'>Dupuy,</span> <span class='ocrx_word' id='word_1_159' title='bbox 948 2951 1031 2995; x_wconf 84' lang='lat' dir='ltr'>saec.</span> <span class='ocrx_word' id='word_1_160' title='bbox 1047 2917 1153 3014; x_wconf 87' lang='lat' dir='ltr'>XIII,</span> <span class='ocrx_word' id='word_1_161' title='bbox 1173 2931 1327 2999; x_wconf 88' lang='lat' dir='ltr'>membra·</span> 
     </span>
     <span class='ocr_line' id='line_1_24' title="bbox 227 3033 980 3123; baseline 0 -24"><span class='ocrx_word' id='word_1_162' title='bbox 227 3048 356 3117; x_wconf 87' lang='lat' dir='ltr'>naceus,</span> <span class='ocrx_word' id='word_1_163' title='bbox 378 3034 432 3098; x_wconf 89' lang='lat' dir='ltr'>fol.</span> <span class='ocrx_word' id='word_1_164' title='bbox 455 3035 568 3101; x_wconf 90' lang='lat' dir='ltr'>minor.</span> <span class='ocrx_word' id='word_1_165' title='bbox 598 3036 811 3123; x_wconf 85' lang='lat' dir='ltr'>(D&#39;Avezacii</span> <span class='ocrx_word' id='word_1_166' title='bbox 833 3035 905 3101; x_wconf 89' lang='lat' dir='ltr'>cod.</span> <span class='ocrx_word' id='word_1_167' title='bbox 923 3033 980 3122; x_wconf 89' lang='lat' dir='ltr'>D.)</span> 
     </span>
    </p>

    <p class='ocr_par' dir='ltr' id='par_1_10' title="bbox 225 3135 1328 3331">
     <span class='ocr_line' id='line_1_25' title="bbox 315 3135 1328 3225; baseline 0.004 -24"><span class='ocrx_word' id='word_1_168' title='bbox 315 3135 439 3221; x_wconf 79' lang='lat' dir='ltr'>Codex,</span> <span class='ocrx_word' id='word_1_169' title='bbox 462 3140 490 3205; x_wconf 87' lang='lat' dir='ltr'>si</span> <span class='ocrx_word' id='word_1_170' title='bbox 512 3140 641 3225; x_wconf 89' lang='lat' dir='ltr'>quidem</span> <span class='ocrx_word' id='word_1_171' title='bbox 657 3141 865 3207; x_wconf 79' lang='lat' dir='ltr'>D’Avezacio</span> <span class='ocrx_word' id='word_1_172' title='bbox 889 3137 1122 3224; x_wconf 77' lang='lat' dir='ltr'>credimua²⁷⁶),</span> <span class='ocrx_word' id='word_1_173' title='bbox 1137 3138 1179 3205; x_wconf 92' lang='lat' dir='ltr'>ad</span> <span class='ocrx_word' id='word_1_174' title='bbox 1195 3138 1328 3205; x_wconf 86' lang='lat' dir='ltr'>eandem</span> 
     </span>
     <span class='ocr_line' id='line_1_26' title="bbox 225 3240 1328 3331; baseline 0.005 -26"><span class='ocrx_word' id='word_1_175' title='bbox 225 3241 378 3306; x_wconf 88' lang='lat' dir='ltr'>familiam</span> <span class='ocrx_word' id='word_1_176' title='bbox 406 3245 545 3329; x_wconf 72' lang='lat' dir='ltr'>pertInet</span> <span class='ocrx_word' id='word_1_177' title='bbox 573 3245 615 3311; x_wconf 90' lang='lat' dir='ltr'>ad</span> <span class='ocrx_word' id='word_1_178' title='bbox 644 3269 740 3331; x_wconf 90' lang='lat' dir='ltr'>quam</span> <span class='ocrx_word' id='word_1_179' title='bbox 771 3243 915 3331; x_wconf 85' lang='lat' dir='ltr'>proxime</span> <span class='ocrx_word' id='word_1_180' title='bbox 945 3240 1152 3325; x_wconf 84' lang='lat' dir='ltr'>antecedens,</span> <span class='ocrx_word' id='word_1_181' title='bbox 1189 3244 1328 3328; x_wconf 81' lang='lat' dir='ltr'>capitula</span> 
     </span>
    </p>
   </div>
   <div class='ocr_carea' id='block_1_8' title="bbox 223 3419 1327 3609">
    <p class='ocr_par' dir='ltr' id='par_1_11' title="bbox 223 3419 1327 3609">
     <span class='ocr_line' id='line_1_27' title="bbox 294 3419 1327 3520; baseline -0.002 -12"><span class='ocrx_word' id='word_1_182' title='bbox 294 3456 362 3519; x_wconf 81' lang='lat'>27³)</span> <span class='ocrx_word' id='word_1_183' title='bbox 381 3457 487 3509; x_wconf 85' lang='lat' dir='ltr'>Sextum</span> <span class='ocrx_word' id='word_1_184' title='bbox 500 3460 576 3520; x_wconf 90' lang='lat' dir='ltr'>enim,</span> <span class='ocrx_word' id='word_1_185' title='bbox 595 3458 649 3508; x_wconf 86' lang='lat' dir='ltr'>soil.</span> <span class='ocrx_word' id='word_1_186' title='bbox 663 3456 727 3508; x_wconf 83' lang='lat' dir='ltr'>Cod.</span> <span class='ocrx_word' id='word_1_187' title='bbox 740 3455 806 3503; x_wconf 83' lang='lat' dir='ltr'>Mus.</span> <span class='ocrx_word' id='word_1_188' title='bbox 818 3453 966 3513; x_wconf 80' lang='lat' dir='ltr'>Britannici,</span> <span class='ocrx_word' id='word_1_189' title='bbox 980 3419 1082 3502; x_wconf 84' lang='lat' dir='ltr'>Cotton.</span> <span class='ocrx_word' id='word_1_190' title='bbox 1092 3450 1166 3502; x_wconf 85' lang='lat' dir='ltr'><strong>MSS.</strong></span> <span class='ocrx_word' id='word_1_191' title='bbox 1177 3452 1327 3517; x_wconf 84' lang='lat' dir='ltr'>Vespasian,</span> 
     </span>
     <span class='ocr_line' id='line_1_28' title="bbox 223 3535 1029 3609; baseline -0.006 -17"><span class='ocrx_word' id='word_1_192' title='bbox 223 3545 255 3593; x_wconf 92' lang='lat' dir='ltr'>B.</span> <span class='ocrx_word' id='word_1_193' title='bbox 268 3545 301 3593; x_wconf 90' lang='lat' dir='ltr'>X.</span> <span class='ocrx_word' id='word_1_194' title='bbox 321 3559 386 3594; x_wconf 84' lang='lat' dir='ltr'>saec.</span> <span class='ocrx_word' id='word_1_195' title='bbox 405 3546 438 3596; x_wconf 88' lang='lat' dir='ltr'>X.</span> <span class='ocrx_word' id='word_1_196' title='bbox 457 3547 508 3595; x_wconf 89' lang='lat' dir='ltr'>iam</span> <span class='ocrx_word' id='word_1_197' title='bbox 526 3560 602 3609; x_wconf 89' lang='lat' dir='ltr'>supra</span> <span class='ocrx_word' id='word_1_198' title='bbox 620 3540 828 3597; x_wconf 82' lang='lat' dir='ltr'>enumeravimus,</span> <span class='ocrx_word' id='word_1_199' title='bbox 846 3551 904 3600; x_wconf 80' lang='lat' dir='ltr'>pag.</span> <span class='ocrx_word' id='word_1_200' title='bbox 919 3535 978 3599; x_wconf 85' lang='lat'>101,</span> <span class='ocrx_word' id='word_1_201' title='bbox 992 3553 1029 3601; x_wconf 87' lang='lat' dir='ltr'>sq.</span> 
     </span>
    </p>
   </div>
   <div class='ocr_carea' id='block_1_9' title="bbox 192 3637 1326 4049">
    <p class='ocr_par' dir='ltr' id='par_1_12' title="bbox 192 3637 1326 4049">
     <span class='ocr_line' id='line_1_29' title="bbox 294 3637 1326 3709; baseline -0.002 -12"><span class='ocrx_word' id='word_1_202' title='bbox 294 3645 363 3709; x_wconf 80' lang='grc'>274)</span> <span class='ocrx_word' id='word_1_203' title='bbox 382 3650 423 3699; x_wconf 92' lang='lat' dir='ltr'>De</span> <span class='ocrx_word' id='word_1_204' title='bbox 446 3650 496 3699; x_wconf 92' lang='lat' dir='ltr'>hoc</span> <span class='ocrx_word' id='word_1_205' title='bbox 518 3647 582 3696; x_wconf 86' lang='lat' dir='ltr'>libro</span> <span class='ocrx_word' id='word_1_206' title='bbox 605 3641 777 3692; x_wconf 82' lang='lat' dir='ltr'>D&#39;Avezacina</span> <span class='ocrx_word' id='word_1_207' title='bbox 795 3653 853 3702; x_wconf 82' lang='lat' dir='ltr'>pag.</span> <span class='ocrx_word' id='word_1_208' title='bbox 871 3637 932 3690; x_wconf 75' lang='lat'>452.</span> <span class='ocrx_word' id='word_1_209' title='bbox 953 3657 976 3691; x_wconf 93' lang='lat' dir='ltr'>a.</span> <span class='ocrx_word' id='word_1_210' title='bbox 993 3642 1035 3692; x_wconf 88' lang='lat' dir='ltr'>iin.</span> <span class='ocrx_word' id='word_1_211' title='bbox 1069 3642 1122 3702; x_wconf 87' lang='lat' dir='ltr'>„Le</span> <span class='ocrx_word' id='word_1_212' title='bbox 1140 3646 1279 3696; x_wconf 84' lang='lat' dir='ltr'>manuscrit</span> <span class='ocrx_word' id='word_1_213' title='bbox 1296 3647 1326 3695; x_wconf 88' lang='lat' dir='ltr'>dc</span> 
     </span>
     <span class='ocr_line' id='line_1_30' title="bbox 223 3726 1325 3797; baseline -0.002 -13"><span class='ocrx_word' id='word_1_214' title='bbox 223 3733 317 3785; x_wconf 85' lang='lat' dir='ltr'>Pithon</span> <span class='ocrx_word' id='word_1_215' title='bbox 336 3731 389 3797; x_wconf 91' lang='lat' dir='ltr'>(no.</span> <span class='ocrx_word' id='word_1_216' title='bbox 403 3733 481 3785; x_wconf 82' lang='grc'><strong>1008.</strong></span> <span class='ocrx_word' id='word_1_217' title='bbox 500 3733 532 3781; x_wconf 87' lang='lat' dir='ltr'>de</span> <span class='ocrx_word' id='word_1_218' title='bbox 550 3730 575 3779; x_wconf 94' lang='lat' dir='ltr'>la</span> <span class='ocrx_word' id='word_1_219' title='bbox 591 3726 771 3789; x_wconf 79' lang='lat' dir='ltr'>Bibliothequo</span> <span class='ocrx_word' id='word_1_220' title='bbox 788 3726 921 3778; x_wconf 85' lang='lat' dir='ltr'>Nationale</span> <span class='ocrx_word' id='word_1_221' title='bbox 946 3730 977 3778; x_wconf 91' lang='lat' dir='ltr'>de</span> <span class='ocrx_word' id='word_1_222' title='bbox 999 3726 1087 3791; x_wconf 86' lang='lat' dir='ltr'>Paris)</span> <span class='ocrx_word' id='word_1_223' title='bbox 1111 3730 1165 3789; x_wconf 85' lang='lat' dir='ltr'>s&#39;en</span> <span class='ocrx_word' id='word_1_224' title='bbox 1186 3732 1325 3795; x_wconf 89' lang='lat' dir='ltr'>rapproche</span> 
     </span>
     <span class='ocr_line' id='line_1_31' title="bbox 224 3812 1325 3885; baseline -0.001 -16"><span class='ocrx_word' id='word_1_225' title='bbox 224 3820 248 3870; x_wconf 91' lang='lat' dir='ltr'>le</span> <span class='ocrx_word' id='word_1_226' title='bbox 265 3821 323 3885; x_wconf 88' lang='lat' dir='ltr'>plus</span> <span class='ocrx_word' id='word_1_227' title='bbox 344 3818 413 3882; x_wconf 85' lang='lat' dir='ltr'>(scil.</span> <span class='ocrx_word' id='word_1_228' title='bbox 432 3835 466 3869; x_wconf 89' lang='lat' dir='ltr'>au</span> <span class='ocrx_word' id='word_1_229' title='bbox 482 3815 537 3865; x_wconf 87' lang='lat' dir='ltr'>MS.</span> <span class='ocrx_word' id='word_1_230' title='bbox 557 3812 702 3874; x_wconf 81' lang='lat' dir='ltr'>Cottonien,</span> <span class='ocrx_word' id='word_1_231' title='bbox 720 3812 828 3877; x_wconf 86' lang='lat' dir='ltr'>Vespas.</span> <span class='ocrx_word' id='word_1_232' title='bbox 847 3815 878 3864; x_wconf 92' lang='lat' dir='ltr'>B.</span> <span class='ocrx_word' id='word_1_233' title='bbox 896 3814 930 3864; x_wconf 85' lang='lat' dir='ltr'>X.</span> <span class='ocrx_word' id='word_1_234' title='bbox 950 3831 1016 3866; x_wconf 88' lang='lat' dir='ltr'>saec.</span> <span class='ocrx_word' id='word_1_235' title='bbox 1029 3812 1092 3879; x_wconf 76' lang='lat' dir='ltr'>X),</span> <span class='ocrx_word' id='word_1_236' title='bbox 1115 3817 1178 3866; x_wconf 87' lang='lat' dir='ltr'>mais</span> <span class='ocrx_word' id='word_1_237' title='bbox 1196 3815 1214 3864; x_wconf 92' lang='lat' dir='ltr'>il</span> <span class='ocrx_word' id='word_1_238' title='bbox 1233 3824 1272 3868; x_wconf 88' lang='lat' dir='ltr'>est</span> <span class='ocrx_word' id='word_1_239' title='bbox 1289 3818 1325 3868; x_wconf 91' lang='lat' dir='ltr'>in·</span> 
     </span>
     <span class='ocr_line' id='line_1_32' title="bbox 192 3893 1324 3973; baseline -0.006 -14"><span class='ocrx_word' id='word_1_240' title='bbox 192 3938 193 3942; x_wconf 63' lang='lat'><em>=</em></span> <span class='ocrx_word' id='word_1_241' title='bbox 223 3908 346 3973; x_wconf 88' lang='lat' dir='ltr'>complet;</span> <span class='ocrx_word' id='word_1_242' title='bbox 364 3905 455 3955; x_wconf 80' lang='lat' dir='ltr'>l’ordm</span> <span class='ocrx_word' id='word_1_243' title='bbox 472 3893 517 3950; x_wconf 81' lang='lat' dir='ltr'>des</span> <span class='ocrx_word' id='word_1_244' title='bbox 536 3899 653 3963; x_wconf 78' lang='lat' dir='ltr'>souillers,</span> <span class='ocrx_word' id='word_1_245' title='bbox 672 3900 793 3951; x_wconf 86' lang='lat' dir='ltr'>autrefois</span> <span class='ocrx_word' id='word_1_246' title='bbox 811 3896 954 3971; x_wconf 64' lang='lat' dir='ltr'>intrarem,</span> <span class='ocrx_word' id='word_1_247' title='bbox 973 3919 990 3967; x_wconf 87' lang='lat' dir='ltr'>y</span> <span class='ocrx_word' id='word_1_248' title='bbox 1007 3920 1023 3954; x_wconf 89' lang='lat' dir='ltr'>a</span> <span class='ocrx_word' id='word_1_249' title='bbox 1041 3903 1081 3954; x_wconf 78' lang='lat' dir='ltr'>ete</span> <span class='ocrx_word' id='word_1_250' title='bbox 1098 3903 1200 3964; x_wconf 76' lang='lat' dir='ltr'>retabli,</span> <span class='ocrx_word' id='word_1_251' title='bbox 1219 3918 1263 3954; x_wconf 86' lang='lat' dir='ltr'>sur</span> <span class='ocrx_word' id='word_1_252' title='bbox 1279 3917 1324 3954; x_wconf 87' lang='lat' dir='ltr'>nos</span> 
     </span>
     <span class='ocr_line' id='line_1_33' title="bbox 224 3986 837 4049; baseline -0.011 -4"><span class='ocrx_word' id='word_1_253' title='bbox 224 3993 383 4049; x_wconf 80' lang='lat' dir='ltr'>indicatione,</span> <span class='ocrx_word' id='word_1_254' title='bbox 400 3987 452 4037; x_wconf 80' lang='lat' dir='ltr'>lore</span> <span class='ocrx_word' id='word_1_255' title='bbox 471 3986 546 4038; x_wconf 89' lang='lat' dir='ltr'>d&#39;une</span> <span class='ocrx_word' id='word_1_256' title='bbox 563 3987 656 4037; x_wconf 87' lang='lat' dir='ltr'>reliure</span> <span class='ocrx_word' id='word_1_257' title='bbox 674 3987 815 4038; x_wconf 86' lang='lat' dir='ltr'>nouvelle“.</span> <span class='ocrx_word' id='word_1_258' title='bbox 835 4020 837 4025; x_wconf 83' lang='lat'><em>·</em></span> 
     </span>
    </p>
   </div>
   <div class='ocr_carea' id='block_1_10' title="bbox 293 4082 1325 4260">
    <p class='ocr_par' dir='ltr' id='par_1_13' title="bbox 293 4082 1325 4260">
     <span class='ocr_line' id='line_1_34' title="bbox 293 4082 1307 4156; baseline 0.002 -17"><span class='ocrx_word' id='word_1_259' title='bbox 293 4082 427 4150; x_wconf 77' lang='lat' dir='ltr'>275)·cfr.</span> <span class='ocrx_word' id='word_1_260' title='bbox 447 4103 477 4138; x_wconf 90' lang='lat' dir='ltr'>ea</span> <span class='ocrx_word' id='word_1_261' title='bbox 496 4103 560 4152; x_wconf 89' lang='lat' dir='ltr'>quac</span> <span class='ocrx_word' id='word_1_262' title='bbox 580 4091 611 4140; x_wconf 87' lang='lat' dir='ltr'>de</span> <span class='ocrx_word' id='word_1_263' title='bbox 630 4091 679 4140; x_wconf 94' lang='lat' dir='ltr'>hoc</span> <span class='ocrx_word' id='word_1_264' title='bbox 697 4091 761 4141; x_wconf 90' lang='lat' dir='ltr'>libro</span> <span class='ocrx_word' id='word_1_265' title='bbox 780 4090 856 4155; x_wconf 76' lang='lat' dir='ltr'>supra</span> <span class='ocrx_word' id='word_1_266' title='bbox 873 4107 930 4156; x_wconf 83' lang='lat' dir='ltr'>pag.</span> <span class='ocrx_word' id='word_1_267' title='bbox 945 4090 986 4142; x_wconf 80' lang='lat'>³6.</span> <span class='ocrx_word' id='word_1_268' title='bbox 1006 4093 1189 4142; x_wconf 87' lang='lat' dir='ltr'>adnotavimus.</span> <span class='ocrx_word' id='word_1_269' title='bbox 1305 4147 1307 4150; x_wconf 9' lang='lat' dir='ltr'>y</span> 
     </span>
     <span class='ocr_line' id='line_1_35' title="bbox 293 4163 1325 4260; baseline 0.004 -19"><span class='ocrx_word' id='word_1_270' title='bbox 293 4189 361 4253; x_wconf 79' lang='lat' dir='ltr'>ara)</span> <span class='ocrx_word' id='word_1_271' title='bbox 379 4192 396 4242; x_wconf 89' lang='lat'>1.</span> <span class='ocrx_word' id='word_1_272' title='bbox 415 4207 436 4242; x_wconf 79' lang='lat' dir='ltr'>c.</span> <span class='ocrx_word' id='word_1_273' title='bbox 456 4206 514 4256; x_wconf 75' lang='lat' dir='ltr'>pag.</span> <span class='ocrx_word' id='word_1_274' title='bbox 532 4190 591 4242; x_wconf 80' lang='lat'><strong>452.</strong></span> <span class='ocrx_word' id='word_1_275' title='bbox 617 4193 659 4242; x_wconf 83' lang='lat' dir='ltr'>an.</span> <span class='ocrx_word' id='word_1_276' title='bbox 684 4193 738 4252; x_wconf 68' lang='lat' dir='ltr'>„aa</span> <span class='ocrx_word' id='word_1_277' title='bbox 761 4193 901 4244; x_wconf 71' lang='lat' dir='ltr'>Manuaria</span> <span class='ocrx_word' id='word_1_278' title='bbox 922 4194 1063 4260; x_wconf 73' lang='lat' dir='ltr'>manua</span> <span class='ocrx_word' id='word_1_279' title='bbox 1084 4189 1199 4255; x_wconf 70' lang='lat' dir='ltr'>(latr.)</span> <span class='ocrx_word' id='word_1_280' title='bbox 1219 4205 1248 4245; x_wconf 78' lang='lat' dir='ltr'>a</span> <span class='ocrx_word' id='word_1_281' title='bbox 1262 4163 1325 4245; x_wconf 66' lang='lat' dir='ltr'>aera</span> 
     </span>
    </p>
   </div>
   <div class='ocr_carea' id='block_1_11' title="bbox 0 0 1380 4844">
    <p class='ocr_par' dir='ltr' id='par_1_14' title="bbox 0 0 1380 4844">
     <span class='ocr_line' id='line_1_36' title="bbox 0 0 1380 4844; baseline 0 2"><span class='ocrx_word' id='word_1_282' title='bbox 0 0 1380 4844; x_wconf 95' lang='lat' dir='ltr'> </span> 
     </span>
    </p>
   </div>
  </div>
 </body>
</html>
