2736 4838
672 345 715 412 48

141 515 399 603 Descriptionem
421 517 509 583 urbis
531 516 665 602 Romae,
692 519 829 603 denique
850 518 1055 584 itinerarium
1080 520 1260 604 Antonini,

141 627 174 683 et
202 621 325 685 ratione
355 619 483 704 quidem
512 644 609 707 supra
630 630 825 704 memorata,
851 621 884 686 in
905 644 1005 687 uuum
1029 622 1259 702 confundunt3

139 721 175 787 id
203 723 290 807 quod
319 723 360 788 ab
388 731 520 789 auctore
547 726 662 790 tertiae
687 724 881 810 recensionis
901 725 973 810 ipso
995 726 1044 791 ita
1063 727 1258 792 institutum

139 827 236 892 fluisse
263 826 433 901 credimus
488 824 589 893 Cuius
617 828 758 894 familiae
785 851 866 894 unus
893 837 1019 893 tautum
1048 828 1137 896 liber
1168 832 1258 896 vices

139 938 319 1016 temporum
342 931 466 1018 effugit,
489 931 628 996 scilicet.

233 1033 374 1101 Codex
406 1032 705 1120 Neapolitanus
739 1033 994 1103 Borbonicus
1030 1034 1255 1104 CLXXII.

141 1137 256 1222 (bis),
278 1136 345 1203 IV.
369 1137 413 1201 D
438 1138 496 1204 22.
525 1137 582 1204 bis
613 1136 838 1203 chartaceus
829 1161 863 1202 1n
889 1140 985 1222 solio,
1014 1151 1176 1207 accurate
1200 1141 1256 1208 sed

137 1265 201 1308 non
217 1265 282 1307 una
295 1265 392 1307 mauu
406 1242 554 1327 scriptus.
584 1238 782 1326 Compactus
798 1251 847 1307 est
862 1265 902 1307 ex
917 1241 1043 1310 duobus
1056 1244 1242 1312 codicibus

231 1346 361 1429 Insunt,
391 1370 488 1410 manu
518 1367 600 1410 saec.
619 1343 698 1410 XV.
729 1354 862 1411 exarata
881 1345 909 1410 Ι.
938 1347 993 1412 fol.
1014 1350 1042 1414 i.
1067 1348 1255 1416 Pseudo-

137 1449 307 1516 Aethici
329 1447 665 1536 Cosmographia,
694 1470 775 1532 quae
803 1450 931 1534 incipit:
972 1449 1082 1533 „Ine
1115 1452 1254 1519 Itine-

136 1553 286 1619 rarium
314 1552 444 1618 totius
469 1551 580 1619 orbis
603 1551 763 1617 deloco
787 1552 835 1617 ad
855 1554 987 1619 locum
1010 1564 1050 1619 et
1074 1555 1128 1621 de
1151 1558 1253 1623 civi·

136 1667 221 1724 tate
250 1655 295 1723 ad
325 1657 537 1720 civitatem
570 1654 774 1720 dimensus
805 1680 824 1722 a
854 1657 1123 1734 senatoribus
1153 1683 1253 1746 pru·

138 1761 329 1827 dentibus
351 1759 751 1845 viris,'eompositum
775 1757 1160 1847 aG.IulioOesare,
1184 1765 1251 1848 qui

136 1866 288 1953 primus
316 1863 526 1949 imperium
556 1863 714 1947 habuit,
754 1871 793 1928 et
823 1864 1010 1949 pervenit
1038 1887 1173 1950 usque
1205 1866 1251 1932 ad

136 1968 407 2036 Octavianum
436 1968 670 2055 Augustum.
730 1967 949 2050 „Lectionum
984 1969 1141 2056 pervigili
1174 1993 1252 2036 cura

136 2073 349 2159 comperimus
440 2093 570 2135 munere
591 2071 774 2136 instructos.
804 2069 876 2135 IN.
893 2068 1026 2152 QVAN
1031 2070 1117 2138 TO.
1133 2073 1251 2138 ΤΕΜ-

134 2171 1249 2245 PORE.TOTVS.ORBIS.HiABITABILIS.PERAGRARI.

134 2278 325 2346 POTEST.
372 2280 406 2343 A
429 2264 515 2341 coms.
540 2285 647 2340 autem
664 2277 691 2340 I.
709 2275 857 2342 Caesaris
878 2299 980 2360 usque
1002 2278 1046 2343 ed
1070 2268 1164 2348 eo—ns.
1191 2281 1250 2350 Sa·

134 2381 203 2448 roni
221 2390 253 2447 et
265 2379 346 2446 Oine
362 2404 382 2445 a
395 2381 468 2445 Poli
483 2380 578 2445 clima
594 2379 684 2464 (sici)
701 2379 877 2445 meridiana
892 2401 967 2463 pars
986 2380 1138 2451 dimensa
1155 2394 1248 2452 esta

134 2489 188 2556 22.
204 2509 312 2552 mense
333 2487 359 2552 i.
384 2483 497 2549 diebus
512 2485 566 2552 20.
589 2483 673 2548 sicut
694 2483 824 2548 definita
839 2481 1086 2552 demonstratur.
1124 2491 1182 2555 Ac
1205 2490 1250 2555 sic

134 2591 237 2657 omnis
260 2590 346 2656 orbis
368 2598 471 2653 terrae
493 2587 579 2651 intra
601 2609 701 2652 anuos
715 2588 768 2653 22.
792 2610 812 2650 a
834 2586 1068 2656 dimensoribus
1092 2615 1250 2680 peragra-

133 2706 186 2760 tus
209 2701 267 2775 est,
291 2700 324 2757 et
345 2690 385 2754 de
408 2690 493 2754 omui
516 2690 584 2755 eius
607 2689 803 2755 continentia
825 2687 867 2753 ad
883 2688 1040 2757 Senatum
1064 2704 1116 2759 est
1140 2697 1249 2781 perla-

133 2809 212 2863 tum.
239 2791 519 2862 OPPIDORVM
532 2841 540 2856 .
554 2790 774 2857 FLVVIVM
789 2793 880 2874 (sici)
895 2792 954 2856 ΕΤ
970 2842 977 2857 .
995 2793 1249 2864 GENTIVM.

133 2894 415 2967 DESCRIPTIO
437 2944 444 2960 .
467 2894 638 2962 TOTIVS
662 2944 669 2959 .
694 2893 855 2962 ORBIS.
876 2894 1074 2963 MARIVM
1091 2949 1099 2964 .
1116 2900 1251 2969 INSV-

133 3002 303 3070 LARVM
315 3051 323 3066 .
335 2998 579 3065 MONTIVM.
591 2996 966 3064 PROVINCIARVM.
1004 2999 1121 3068 Habet
1137 3015 1250 3070 autem

133 3108 236 3175 omnis
258 3105 369 3171 oceani
392 3103 504 3171 orbis“
530 3112 591 3169 etc.
700 3126 802 3188 „prae
830 3102 1096 3171 interiacentibus
1129 3111 1251 3174 eremis

132 3220 276 3298 possunt.
328 3209 391 3273 DE
414 3256 421 3272 .
445 3204 738 3274 DISTANTIIS.
763 3203 900 3271 ORBIS
922 3253 930 3268 .
950 3204 1001 3269 IN
1020 3256 1027 3271 .
1045 3209 1108 3276 AS
1134 3260 1142 3275 .
1169 3213 1251 3277 DV.

42 3336 44 3340 ⁴
131 3313 223 3381 ROP
241 3363 248 3378 .
265 3313 325 3377 ΕΤ
345 3308 522 3401 ‚AFRIQ
568 3308 663 3371 Hauc
686 3307 979 3394 quadripartitam“
1005 3318 1067 3375 etc.
1094 3363 1249 3381 .........

133 3414 372 3502 „magnitudine
399 3411 538 3476 celebres
560 3410 727 3474 habentur.
773 3411 817 3475 ut
842 3413 992 3496 quoniam
1015 3415 1249 3484 universarum

130 3518 219 3584 urbis
249 3517 349 3601 (sici)
382 3509 487 3599 spatia
515 3512 567 3576 vel
595 3511 768 3577 insularum
798 3512 1056 3599 descripsimus.
1082 3537 1174 3586 nunc
1207 3523 1252 3588 ad

131 3622 284 3687 maiorem
307 3615 585 3682 demonstrationis
608 3616 825 3699 structionem,
847 3618 1054 3699 inquantum
1071 3623 1252 3710 vigilantia

130 3732 241 3790 nostra
255 3721 447 3806 investigare
461 3719 577 3804 potuit,
600 3717 836 3802 demonstrabo,
859 3743 898 3783 ex
914 3726 1024 3785 eterna
1037 3724 1123 3790 urbe
1136 3728 1251 3795 Roma

129 3827 256 3894 initium
285 3846 427 3904 sumens,
457 3844 538 3906 quae
568 3830 665 3906 caput
693 3830 742 3886 est
769 3823 855 3886 orbis
884 3829 917 3884 et
939 3820 1072 3890 domina
1096 3841 1247 3899 senatus.

39 3947 43 3956 «
129 3929 256 3995 uxru
279 3975 287 3990 .
310 3922 590 3991 uusourrrro
614 3975 621 3988 .
645 3922 781 3989 cunis
805 3971 812 3987 ,
835 3921 1138 3998 rurruurrrr.
1166 3935 1250 4000 nu

130 4027 344 4099 SCRIPTIO
368 4027 530 4097 .VRBIS
553 4078 560 4093 .
581 4024 748 4093 ROMAE
765 4073 772 4089 .
790 4025 850 4088 ΕΤ
868 4072 875 4088 .
893 4023 1223 4106 STRVCTIONIS
1241 4088 1248 4104 .

129 4129 403 4198 INCHOATIO.
452 4133 526 4214 „Ab
550 4132 640 4195 linea
662 4127 802 4200 Troiano
825 4126 911 4210 quod
934 4126 1032 4194 habet
1056 4141 1250 4209 exordium.
