<?xml version="1.0" encoding="UTF-8"?>
<!DOCTYPE html PUBLIC "-//W3C//DTD XHTML 1.0 Transitional//EN"
    "http://www.w3.org/TR/xhtml1/DTD/xhtml1-transitional.dtd">
<html xmlns="http://www.w3.org/1999/xhtml" xml:lang="en" lang="en">
 <head>
  <title>
</title>
<meta http-equiv="Content-Type" content="text/html;charset=utf-8" />
  <meta name='ocr-system' content='tesseract 3.04.00' />
  <meta name='ocr-capabilities' content='ocr_page ocr_carea ocr_par ocr_line ocrx_word'/>
</head>
<body>
  <div class='ocr_page' id='page_1' title='image "./decosmographiae00pertgoog_0089.png"; bbox 0 0 2752 4844; ppageno 0'>
   <div class='ocr_carea' id='block_1_1' title="bbox 762 385 806 452">
    <p class='ocr_par' dir='ltr' id='par_1_1' title="bbox 762 385 806 452">
     <span class='ocr_line' id='line_1_1' title="bbox 762 385 806 452; baseline -0.023 0"><span class='ocrx_word' id='word_1_1' title='bbox 762 385 806 452; x_wconf 73' lang='lat'><strong>84</strong></span> 
     </span>
    </p>
   </div>
   <div class='ocr_carea' id='block_1_2' title="bbox 233 544 1341 2298">
    <p class='ocr_par' dir='ltr' id='par_1_2' title="bbox 233 544 1341 956">
     <span class='ocr_line' id='line_1_2' title="bbox 233 544 1341 644; baseline 0.005 -22"><span class='ocrx_word' id='word_1_2' title='bbox 233 544 493 624; x_wconf 88' lang='lat' dir='ltr'><strong>Vindobonensis</strong></span> <span class='ocrx_word' id='word_1_3' title='bbox 513 559 587 624; x_wconf 84' lang='lat' dir='ltr'>libri</span> <span class='ocrx_word' id='word_1_4' title='bbox 610 559 820 644; x_wconf 82' lang='lat' dir='ltr'><strong>antiquissimi</strong></span> <span class='ocrx_word' id='word_1_5' title='bbox 849 561 905 644; x_wconf 90' lang='lat' dir='ltr'><strong>qni</strong></span> <span class='ocrx_word' id='word_1_6' title='bbox 934 560 1028 624; x_wconf 90' lang='lat' dir='ltr'><strong>huius</strong></span> <span class='ocrx_word' id='word_1_7' title='bbox 1050 561 1245 628; x_wconf 79' lang='lat' dir='ltr'><strong>recensionis</strong></span> <span class='ocrx_word' id='word_1_8' title='bbox 1268 564 1341 628; x_wconf 91' lang='lat' dir='ltr'><strong>fun-</strong></span> 
     </span>
     <span class='ocr_line' id='line_1_3' title="bbox 234 654 1339 750; baseline 0.005 -24"><span class='ocrx_word' id='word_1_9' title='bbox 234 662 419 727; x_wconf 88' lang='lat' dir='ltr'><strong>damentum</strong></span> <span class='ocrx_word' id='word_1_10' title='bbox 441 670 489 727; x_wconf 88' lang='lat' dir='ltr'><strong>est</strong></span> <span class='ocrx_word' id='word_1_11' title='bbox 511 683 574 726; x_wconf 90' lang='lat' dir='ltr'><strong>non</strong></span> <span class='ocrx_word' id='word_1_12' title='bbox 596 672 664 727; x_wconf 89' lang='lat' dir='ltr'><strong>tam</strong></span> <span class='ocrx_word' id='word_1_13' title='bbox 693 663 867 748; x_wconf 89' lang='lat' dir='ltr'><strong>scripturas</strong></span> <span class='ocrx_word' id='word_1_14' title='bbox 897 654 1108 750; x_wconf 82' lang='lat' dir='ltr'><strong>corrigamus:</strong></span> <span class='ocrx_word' id='word_1_15' title='bbox 1138 685 1235 747; x_wconf 84' lang='lat' dir='ltr'><strong>quam</strong></span> <span class='ocrx_word' id='word_1_16' title='bbox 1259 688 1339 749; x_wconf 92' lang='lat' dir='ltr'><strong>quo-</strong></span> 
     </span>
     <span class='ocr_line' id='line_1_4' title="bbox 234 759 1205 833; baseline 0.003 -3"><span class='ocrx_word' id='word_1_17' title='bbox 234 766 385 832; x_wconf 84' lang='lat' dir='ltr'><strong>modoet</strong></span> <span class='ocrx_word' id='word_1_18' title='bbox 408 773 522 830; x_wconf 84' lang='lat' dir='ltr'><strong>auctae</strong></span> <span class='ocrx_word' id='word_1_19' title='bbox 545 765 608 830; x_wconf 85' lang='lat' dir='ltr'><strong>sint</strong></span> <span class='ocrx_word' id='word_1_20' title='bbox 629 765 747 831; x_wconf 82' lang='lat' dir='ltr'><strong>in&#39;illis</strong></span> <span class='ocrx_word' id='word_1_21' title='bbox 770 774 802 831; x_wconf 85' lang='lat' dir='ltr'><strong>et</strong></span> <span class='ocrx_word' id='word_1_22' title='bbox 824 774 967 830; x_wconf 83' lang='lat' dir='ltr'><strong>mutatae</strong></span> <span class='ocrx_word' id='word_1_23' title='bbox 990 759 1205 833; x_wconf 82' lang='lat' dir='ltr'><strong>ostendamus.</strong></span> 
     </span>
     <span class='ocr_line' id='line_1_5' title="bbox 323 867 1339 956; baseline 0.002 -22"><span class='ocrx_word' id='word_1_24' title='bbox 323 867 452 953; x_wconf 84' lang='lat' dir='ltr'><strong>Reliqui</strong></span> <span class='ocrx_word' id='word_1_25' title='bbox 480 867 608 935; x_wconf 90' lang='lat' dir='ltr'><strong>codices</strong></span> <span class='ocrx_word' id='word_1_26' title='bbox 637 869 764 933; x_wconf 92' lang='lat' dir='ltr'><strong>omnino</strong></span> <span class='ocrx_word' id='word_1_27' title='bbox 793 869 976 956; x_wconf 84' lang='lat' dir='ltr'><strong>negligendi</strong></span> <span class='ocrx_word' id='word_1_28' title='bbox 998 878 1089 952; x_wconf 85' lang='lat' dir='ltr'><strong>sunt,</strong></span> <span class='ocrx_word' id='word_1_29' title='bbox 1119 870 1176 941; x_wconf 88' lang='lat' dir='ltr'><strong>sed</strong></span> <span class='ocrx_word' id='word_1_30' title='bbox 1199 871 1246 935; x_wconf 87' lang='lat' dir='ltr'><strong>ita</strong></span> <span class='ocrx_word' id='word_1_31' title='bbox 1269 881 1339 936; x_wconf 86' lang='lat' dir='ltr'><strong>tan-</strong></span> 
     </span>
    </p>

    <p class='ocr_par' dir='ltr' id='par_1_3' title="bbox 234 972 1338 1471">
     <span class='ocr_line' id='line_1_6' title="bbox 235 972 1338 1057; baseline 0.001 -19"><span class='ocrx_word' id='word_1_32' title='bbox 235 982 304 1038; x_wconf 91' lang='lat' dir='ltr'><strong>tum</strong></span> <span class='ocrx_word' id='word_1_33' title='bbox 326 980 363 1038; x_wconf 89' lang='lat' dir='ltr'><strong>ut</strong></span> <span class='ocrx_word' id='word_1_34' title='bbox 385 995 424 1036; x_wconf 85' lang='lat' dir='ltr'><strong>ea</strong></span> <span class='ocrx_word' id='word_1_35' title='bbox 445 972 561 1057; x_wconf 91' lang='lat' dir='ltr'><strong>quibus</strong></span> <span class='ocrx_word' id='word_1_36' title='bbox 582 973 721 1038; x_wconf 86' lang='lat' dir='ltr'><strong>maxime</strong></span> <span class='ocrx_word' id='word_1_37' title='bbox 742 995 762 1036; x_wconf 91' lang='lat' dir='ltr'><strong>a</strong></span> <span class='ocrx_word' id='word_1_38' title='bbox 783 973 898 1038; x_wconf 87' lang='lat' dir='ltr'><strong>ceteris</strong></span> <span class='ocrx_word' id='word_1_39' title='bbox 922 972 1094 1038; x_wconf 88' lang='lat' dir='ltr'><strong>abhorrent</strong></span> <span class='ocrx_word' id='word_1_40' title='bbox 1116 972 1338 1040; x_wconf 88' lang='lat' dir='ltr'><strong>adnimadver-</strong></span> 
     </span>
     <span class='ocr_line' id='line_1_7' title="bbox 234 1074 1338 1163; baseline 0.001 -22"><span class='ocrx_word' id='word_1_41' title='bbox 234 1085 359 1156; x_wconf 78' lang='lat' dir='ltr'><strong>tantur3</strong></span> <span class='ocrx_word' id='word_1_42' title='bbox 382 1096 441 1140; x_wconf 90' lang='lat' dir='ltr'><strong>neo</strong></span> <span class='ocrx_word' id='word_1_43' title='bbox 464 1084 570 1139; x_wconf 90' lang='lat' dir='ltr'><strong>tamen</strong></span> <span class='ocrx_word' id='word_1_44' title='bbox 591 1076 655 1140; x_wconf 92' lang='lat' dir='ltr'><strong>illis</strong></span> <span class='ocrx_word' id='word_1_45' title='bbox 675 1084 730 1140; x_wconf 86' lang='lat' dir='ltr'><strong>aut</strong></span> <span class='ocrx_word' id='word_1_46' title='bbox 744 1076 898 1142; x_wconf 87' lang='lat' dir='ltr'><strong>Albertus</strong></span> <span class='ocrx_word' id='word_1_47' title='bbox 921 1085 976 1141; x_wconf 85' lang='lat' dir='ltr'><strong>aut</strong></span> <span class='ocrx_word' id='word_1_48' title='bbox 994 1078 1050 1161; x_wconf 94' lang='lat' dir='ltr'><strong>qui</strong></span> <span class='ocrx_word' id='word_1_49' title='bbox 1064 1074 1150 1141; x_wconf 91' lang='lat' dir='ltr'><strong>hunc</strong></span> <span class='ocrx_word' id='word_1_50' title='bbox 1171 1078 1338 1163; x_wconf 82' lang='lat' dir='ltr'><strong>exscripsit</strong></span> 
     </span>
     <span class='ocr_line' id='line_1_8' title="bbox 237 1176 1337 1266; baseline -0.002 -20"><span class='ocrx_word' id='word_1_51' title='bbox 237 1178 457 1266; x_wconf 82' lang='lat' dir='ltr'><strong>adiungendus</strong></span> <span class='ocrx_word' id='word_1_52' title='bbox 479 1186 528 1243; x_wconf 86' lang='lat' dir='ltr'><strong>est</strong></span> <span class='ocrx_word' id='word_1_53' title='bbox 542 1178 724 1244; x_wconf 85' lang='lat' dir='ltr'><strong>Malleolus.</strong></span> <span class='ocrx_word' id='word_1_54' title='bbox 760 1176 906 1260; x_wconf 81' lang='lat' dir='ltr'><strong>Quorum</strong></span> <span class='ocrx_word' id='word_1_55' title='bbox 929 1180 955 1246; x_wconf 93' lang='lat' dir='ltr'><strong>si</strong></span> <span class='ocrx_word' id='word_1_56' title='bbox 977 1179 1129 1244; x_wconf 85' lang='lat' dir='ltr'><strong>nonnulla</strong></span> <span class='ocrx_word' id='word_1_57' title='bbox 1150 1179 1234 1244; x_wconf 86' lang='lat' dir='ltr'><strong>forte</strong></span> <span class='ocrx_word' id='word_1_58' title='bbox 1255 1203 1337 1244; x_wconf 88' lang='lat' dir='ltr'><strong>mar-</strong></span> 
     </span>
     <span class='ocr_line' id='line_1_9' title="bbox 236 1281 1334 1371; baseline 0.001 -24"><span class='ocrx_word' id='word_1_59' title='bbox 236 1283 304 1371; x_wconf 80' lang='lat' dir='ltr'><strong>gini</strong></span> <span class='ocrx_word' id='word_1_60' title='bbox 325 1282 598 1367; x_wconf 87' lang='lat' dir='ltr'><strong>adscripserimus,</strong></span> <span class='ocrx_word' id='word_1_61' title='bbox 620 1282 655 1347; x_wconf 91' lang='lat' dir='ltr'><strong>id</strong></span> <span class='ocrx_word' id='word_1_62' title='bbox 676 1281 758 1346; x_wconf 86' lang='lat' dir='ltr'><strong>hanc</strong></span> <span class='ocrx_word' id='word_1_63' title='bbox 781 1282 822 1347; x_wconf 97' lang='lat' dir='ltr'><strong>ob</strong></span> <span class='ocrx_word' id='word_1_64' title='bbox 846 1305 976 1349; x_wconf 90' lang='lat' dir='ltr'><strong>causam</strong></span> <span class='ocrx_word' id='word_1_65' title='bbox 998 1283 1066 1348; x_wconf 90' lang='lat' dir='ltr'><strong>fieri</strong></span> <span class='ocrx_word' id='word_1_66' title='bbox 1088 1283 1209 1369; x_wconf 85' lang='lat' dir='ltr'><strong>putetis</strong></span> <span class='ocrx_word' id='word_1_67' title='bbox 1230 1284 1334 1366; x_wconf 77' lang='lat' dir='ltr'><strong>velim,</strong></span> 
     </span>
     <span class='ocr_line' id='line_1_10' title="bbox 236 1384 1316 1471; baseline 0 -20"><span class='ocrx_word' id='word_1_68' title='bbox 236 1396 273 1452; x_wconf 87' lang='lat' dir='ltr'><strong>ut</strong></span> <span class='ocrx_word' id='word_1_69' title='bbox 286 1384 366 1450; x_wconf 88' lang='lat' dir='ltr'><strong>nihil</strong></span> <span class='ocrx_word' id='word_1_70' title='bbox 380 1385 436 1450; x_wconf 74' lang='lat' dir='ltr'><strong>his</strong></span> <span class='ocrx_word' id='word_1_71' title='bbox 444 1386 654 1470; x_wconf 82' lang='lat' dir='ltr'><strong>scriptoribus</strong></span> <span class='ocrx_word' id='word_1_72' title='bbox 668 1384 818 1451; x_wconf 90' lang='lat' dir='ltr'><strong>insulsius</strong></span> <span class='ocrx_word' id='word_1_73' title='bbox 834 1408 929 1471; x_wconf 90' lang='lat' dir='ltr'><strong>posse</strong></span> <span class='ocrx_word' id='word_1_74' title='bbox 943 1386 1078 1451; x_wconf 83' lang='lat' dir='ltr'><strong>inveniri</strong></span> <span class='ocrx_word' id='word_1_75' title='bbox 1092 1386 1156 1471; x_wconf 90' lang='lat' dir='ltr'><strong>ipsi</strong></span> <span class='ocrx_word' id='word_1_76' title='bbox 1171 1385 1316 1452; x_wconf 87' lang='lat' dir='ltr'><strong>videatis.</strong></span> 
     </span>
    </p>

    <p class='ocr_par' dir='ltr' id='par_1_4' title="bbox 237 1485 1336 2298">
     <span class='ocr_line' id='line_1_11' title="bbox 262 1485 1334 1570; baseline 0.001 -16"><span class='ocrx_word' id='word_1_77' title='bbox 262 1493 286 1502; x_wconf 72' lang='grc'><strong>’“</strong></span> <span class='ocrx_word' id='word_1_78' title='bbox 325 1487 478 1555; x_wconf 84' lang='lat' dir='ltr'><strong>Ceterum</strong></span> <span class='ocrx_word' id='word_1_79' title='bbox 506 1488 586 1552; x_wconf 89' lang='lat' dir='ltr'><strong>haec</strong></span> <span class='ocrx_word' id='word_1_80' title='bbox 614 1488 777 1554; x_wconf 88' lang='lat' dir='ltr'><strong>hactenus.</strong></span> <span class='ocrx_word' id='word_1_81' title='bbox 832 1485 921 1570; x_wconf 80' lang='lat' dir='ltr'><strong>Quid</strong></span> <span class='ocrx_word' id='word_1_82' title='bbox 950 1488 1033 1554; x_wconf 93' lang='lat' dir='ltr'><strong>enim</strong></span> <span class='ocrx_word' id='word_1_83' title='bbox 1057 1489 1204 1557; x_wconf 89' lang='lat' dir='ltr'><strong>codicum</strong></span> <span class='ocrx_word' id='word_1_84' title='bbox 1228 1497 1334 1555; x_wconf 82' lang='lat' dir='ltr'><strong>aucto</strong></span> 
     </span>
     <span class='ocr_line' id='line_1_12' title="bbox 237 1579 1334 1678; baseline -0.003 -18"><span class='ocrx_word' id='word_1_85' title='bbox 237 1579 332 1660; x_wconf 82' lang='lat' dir='ltr'><strong>ritate</strong></span> <span class='ocrx_word' id='word_1_86' title='bbox 354 1592 481 1658; x_wconf 88' lang='lat' dir='ltr'><strong>adiutus</strong></span> <span class='ocrx_word' id='word_1_87' title='bbox 508 1590 551 1656; x_wconf 89' lang='lat' dir='ltr'><strong>ad</strong></span> <span class='ocrx_word' id='word_1_88' title='bbox 579 1591 810 1657; x_wconf 83' lang='lat' dir='ltr'><strong>emendandam</strong></span> <span class='ocrx_word' id='word_1_89' title='bbox 838 1589 1128 1678; x_wconf 84' lang='lat' dir='ltr'><strong>Cosmographiam</strong></span> <span class='ocrx_word' id='word_1_90' title='bbox 1156 1593 1236 1658; x_wconf 89' lang='lat' dir='ltr'><strong>meis</strong></span> <span class='ocrx_word' id='word_1_91' title='bbox 1263 1593 1334 1658; x_wconf 85' lang='lat' dir='ltr'><strong>viri-</strong></span> 
     </span>
     <span class='ocr_line' id='line_1_13' title="bbox 237 1693 1336 1783; baseline -0.004 -19"><span class='ocrx_word' id='word_1_92' title='bbox 237 1699 297 1765; x_wconf 90' lang='lat' dir='ltr'><strong>bus</strong></span> <span class='ocrx_word' id='word_1_93' title='bbox 318 1695 523 1783; x_wconf 81' lang='lat' dir='ltr'><strong>profecerim,</strong></span> <span class='ocrx_word' id='word_1_94' title='bbox 551 1693 673 1759; x_wconf 89' lang='lat' dir='ltr'><strong>Divina</strong></span> <span class='ocrx_word' id='word_1_95' title='bbox 694 1696 800 1783; x_wconf 84' lang='lat' dir='ltr'><strong>gratia</strong></span> <span class='ocrx_word' id='word_1_96' title='bbox 822 1703 979 1760; x_wconf 87' lang='lat' dir='ltr'><strong>annuente</strong></span> <span class='ocrx_word' id='word_1_97' title='bbox 1001 1718 1077 1761; x_wconf 84' lang='lat' dir='ltr'><strong>mox</strong></span> <span class='ocrx_word' id='word_1_98' title='bbox 1100 1695 1336 1762; x_wconf 78' lang='lat' dir='ltr'><strong>ii-iudieabunt</strong></span> 
     </span>
     <span class='ocr_line' id='line_1_14' title="bbox 238 1797 1334 1886; baseline -0.002 -19"><span class='ocrx_word' id='word_1_99' title='bbox 238 1801 352 1886; x_wconf 90' lang='lat' dir='ltr'><strong>quibus</strong></span> <span class='ocrx_word' id='word_1_100' title='bbox 373 1799 452 1865; x_wconf 87' lang='lat' dir='ltr'><strong>talia</strong></span> <span class='ocrx_word' id='word_1_101' title='bbox 474 1797 564 1862; x_wconf 91' lang='lat' dir='ltr'><strong>cordi</strong></span> <span class='ocrx_word' id='word_1_102' title='bbox 586 1807 668 1864; x_wconf 92' lang='lat' dir='ltr'><strong>sunt.</strong></span> <span class='ocrx_word' id='word_1_103' title='bbox 710 1799 780 1864; x_wconf 89' lang='lat' dir='ltr'><strong>Iam</strong></span> <span class='ocrx_word' id='word_1_104' title='bbox 803 1821 879 1864; x_wconf 88' lang='lat' dir='ltr'><strong>vero</strong></span> <span class='ocrx_word' id='word_1_105' title='bbox 902 1807 1029 1863; x_wconf 85' lang='lat' dir='ltr'><strong>transeo</strong></span> <span class='ocrx_word' id='word_1_106' title='bbox 1053 1797 1095 1864; x_wconf 92' lang='lat' dir='ltr'><strong>ad</strong></span> <span class='ocrx_word' id='word_1_107' title='bbox 1118 1799 1252 1865; x_wconf 86' lang='lat' dir='ltr'><strong>alteram</strong></span> <span class='ocrx_word' id='word_1_108' title='bbox 1276 1800 1334 1865; x_wconf 80' lang='lat' dir='ltr'><strong>dis</strong></span> 
     </span>
     <span class='ocr_line' id='line_1_15' title="bbox 238 1900 1334 1989; baseline -0.002 -20"><span class='ocrx_word' id='word_1_109' title='bbox 238 1902 416 1989; x_wconf 83' lang='lat' dir='ltr'><strong>quisitionis</strong></span> <span class='ocrx_word' id='word_1_110' title='bbox 443 1910 583 1987; x_wconf 86' lang='lat' dir='ltr'><strong>partem:</strong></span> <span class='ocrx_word' id='word_1_111' title='bbox 613 1901 647 1966; x_wconf 93' lang='lat' dir='ltr'><strong>in</strong></span> <span class='ocrx_word' id='word_1_112' title='bbox 671 1925 749 1986; x_wconf 85' lang='lat' dir='ltr'><strong>qua,</strong></span> <span class='ocrx_word' id='word_1_113' title='bbox 779 1902 866 1988; x_wconf 93' lang='lat' dir='ltr'><strong>quod</strong></span> <span class='ocrx_word' id='word_1_114' title='bbox 896 1900 1024 1986; x_wconf 90' lang='lat' dir='ltr'><strong>quidem</strong></span> <span class='ocrx_word' id='word_1_115' title='bbox 1053 1901 1146 1968; x_wconf 89' lang='lat' dir='ltr'><strong>huius</strong></span> <span class='ocrx_word' id='word_1_116' title='bbox 1169 1912 1269 1989; x_wconf 85' lang='lat' dir='ltr'><strong>caput</strong></span> <span class='ocrx_word' id='word_1_117' title='bbox 1290 1912 1334 1968; x_wconf 87' lang='lat' dir='ltr'><strong>est</strong></span> 
     </span>
     <span class='ocr_line' id='line_1_16' title="bbox 238 2004 1334 2094; baseline 0.001 -21"><span class='ocrx_word' id='word_1_118' title='bbox 238 2008 399 2094; x_wconf 83' lang='lat' dir='ltr'><strong>opusculi,</strong></span> <span class='ocrx_word' id='word_1_119' title='bbox 429 2004 469 2070; x_wconf 94' lang='lat' dir='ltr'><strong>de</strong></span> <span class='ocrx_word' id='word_1_120' title='bbox 492 2028 529 2069; x_wconf 91' lang='lat' dir='ltr'><strong>eo</strong></span> <span class='ocrx_word' id='word_1_121' title='bbox 550 2005 632 2071; x_wconf 91' lang='lat' dir='ltr'><strong>libro</strong></span> <span class='ocrx_word' id='word_1_122' title='bbox 662 2005 895 2092; x_wconf 79' lang='lat' dir='ltr'><strong>disputabimus</strong></span> <span class='ocrx_word' id='word_1_123' title='bbox 919 2027 1015 2090; x_wconf 90' lang='lat' dir='ltr'><strong>quem</strong></span> <span class='ocrx_word' id='word_1_124' title='bbox 1043 2028 1159 2071; x_wconf 90' lang='lat' dir='ltr'><strong>unum</strong></span> <span class='ocrx_word' id='word_1_125' title='bbox 1186 2028 1334 2091; x_wconf 81' lang='lat' dir='ltr'><strong>umquam</strong></span> 
     </span>
     <span class='ocr_line' id='line_1_17' title="bbox 237 2108 1334 2194; baseline -0.001 -18"><span class='ocrx_word' id='word_1_126' title='bbox 237 2111 374 2176; x_wconf 81' lang='lat' dir='ltr'><strong>Ethicus</strong></span> <span class='ocrx_word' id='word_1_127' title='bbox 396 2108 595 2194; x_wconf 84' lang='lat' dir='ltr'><strong>conscripsit,</strong></span> <span class='ocrx_word' id='word_1_128' title='bbox 622 2116 655 2173; x_wconf 89' lang='lat' dir='ltr'><strong>et</strong></span> <span class='ocrx_word' id='word_1_129' title='bbox 677 2131 771 2193; x_wconf 90' lang='lat' dir='ltr'><strong>quem</strong></span> <span class='ocrx_word' id='word_1_130' title='bbox 793 2108 983 2173; x_wconf 87' lang='lat' dir='ltr'><strong>translatum</strong></span> <span class='ocrx_word' id='word_1_131' title='bbox 1004 2108 1100 2174; x_wconf 89' lang='lat' dir='ltr'><strong>simul</strong></span> <span class='ocrx_word' id='word_1_132' title='bbox 1121 2117 1154 2175; x_wconf 90' lang='lat' dir='ltr'><strong>et</strong></span> <span class='ocrx_word' id='word_1_133' title='bbox 1177 2119 1334 2177; x_wconf 86' lang='lat' dir='ltr'><strong>servatum</strong></span> 
     </span>
     <span class='ocr_line' id='line_1_18' title="bbox 237 2208 1040 2298; baseline -0.004 -20"><span class='ocrx_word' id='word_1_134' title='bbox 237 2214 330 2280; x_wconf 87' lang='lat' dir='ltr'><strong>nobis</strong></span> <span class='ocrx_word' id='word_1_135' title='bbox 352 2234 421 2280; x_wconf 89' lang='lat' dir='ltr'><strong>esse</strong></span> <span class='ocrx_word' id='word_1_136' title='bbox 443 2236 462 2277; x_wconf 89' lang='lat' dir='ltr'><strong>a</strong></span> <span class='ocrx_word' id='word_1_137' title='bbox 484 2210 605 2280; x_wconf 84' lang='lat' dir='ltr'><strong>Sancto</strong></span> <span class='ocrx_word' id='word_1_138' title='bbox 626 2210 825 2298; x_wconf 85' lang='lat' dir='ltr'><strong>Hieronymo</strong></span> <span class='ocrx_word' id='word_1_139' title='bbox 849 2208 1040 2295; x_wconf 89' lang='lat' dir='ltr'><strong>accepimus.</strong></span> 
     </span>
    </p>
   </div>
   <div class='ocr_carea' id='block_1_3' title="bbox 0 0 1389 4844">
    <p class='ocr_par' dir='ltr' id='par_1_5' title="bbox 0 0 1389 4844">
     <span class='ocr_line' id='line_1_19' title="bbox 0 0 1389 4844; baseline 0 0"><span class='ocrx_word' id='word_1_140' title='bbox 0 0 1389 4844; x_wconf 95' lang='lat' dir='ltr'><strong> </strong></span> 
     </span>
    </p>
   </div>
   <div class='ocr_carea' id='block_1_4' title="bbox 1372 3608 1378 4806">
    <p class='ocr_par' dir='ltr' id='par_1_6' title="bbox 1372 3608 1378 4806">
     <span class='ocr_line' id='line_1_20' title="bbox 1372 3608 1378 4806; baseline 0 0"><span class='ocrx_word' id='word_1_141' title='bbox 1372 3608 1378 4806; x_wconf 95' lang='lat' dir='ltr'><strong> </strong></span> 
     </span>
    </p>
   </div>
  </div>
 </body>
</html>
