2752 4844
729 383 792 452 196

212 565 343 623 auctore
370 565 497 641 nostro,
525 558 576 623 vel
604 557 712 644 potius
735 580 755 622 a
775 557 932 642 librariis,
960 556 1009 623 ita
1029 557 1218 645 perturbata
1239 565 1315 624 sunt

211 661 324 726 utrix
346 661 522 746 quidquam
549 683 608 746 pro
631 670 720 727 certo
742 660 893 725 affirmari
916 661 1028 747 possit.
1073 660 1196 730 Scribit
1218 663 1316 742 enim,

213 763 359 848 captivos
380 765 452 830 illos
474 764 515 830 ab
529 763 656 830 Histria
670 765 852 850 pervenisse
866 763 899 827 in
914 761 1089 850 cassiopas
1101 765 1233 831 insulas.
1263 765 1317 830 De

213 866 263 932 his
285 875 408 951 autem,
437 888 537 953 prope
560 865 739 954 Corcyram
760 866 848 948 sitis,
871 863 1044 930 videndum
1067 866 1224 932 Antonini
1246 868 1317 932 Au-

213 972 301 1057 gusti
321 969 524 1035 Itinerarium
546 969 746 1034 Maritimum
763 971 831 1052 ⁵³³),
857 966 966 1034 Orosii
987 968 1192 1036 historiarum
1214 970 1269 1036 lib.
1285 970 1313 1055 Ι,

214 1095 285 1160 cap.
297 1075 403 1156 2⁶³⁴),
418 1072 536 1138 Isidori
550 1072 828 1160 Etymologiarum
843 1070 898 1136 lib.
910 1072 997 1139 XIV
999 1120 1007 1137 .
1023 1095 1094 1158 cap.
1107 1075 1137 1140 4.
1151 1075 1182 1159 ξ.
1198 1075 1249 1141 14.
1257 1075 1312 1158 ⁵³⁵)

286 1174 396 1258 Quare
414 1175 442 1240 si
464 1174 505 1240 de
521 1175 561 1240 iis
585 1177 728 1262 cogitare
744 1175 899 1241 Etbicum
922 1176 1136 1260 concedimus,
1159 1198 1241 1262 quae
1255 1176 1315 1243 sub

213 1279 322 1345 Probo
343 1279 540 1365 Imperatore
563 1301 582 1342 a
604 1279 740 1366 captivis
762 1279 899 1344 Francis
920 1287 1011 1366 gesta
1032 1287 1122 1344 sunt:
1150 1302 1248 1365 quum
1268 1279 1317 1346 illi

214 1382 343 1466 quidem
358 1372 528 1468 'postremo
549 1383 582 1447 in
604 1382 805 1448 Britanniam
829 1391 862 1447 et
883 1383 1081 1447 Batavorum
1102 1383 1222 1448 insulas
1243 1406 1317 1469 per·

214 1487 359 1550 venerint
370 1488 445 1568 ⁵³⁰),
473 1509 533 1571 pro
559 1486 670 1552 insulis
693 1485 858 1572 Cassiopia
879 1487 1015 1551 fortasse
1038 1482 1317 1552 Cassiteridas

215 1582 415 1655 scribendae
432 1597 541 1673 erunt,
570 1611 649 1673 quas
677 1589 773 1655 hodie
804 1588 928 1675 „Scilly
955 1587 1102 1654 Islands“
1127 1597 1246 1655 vocant
1266 1591 1314 1654 in-

215 1693 314 1759 colae.
347 1692 412 1756 Per
434 1714 572 1757 errorem
594 1693 678 1757 euim
700 1693 733 1757 in
754 1691 980 1778 manuscriptis
994 1691 1084 1758 libris
1106 1700 1140 1758 ct
1160 1692 1230 1759 sine
1249 1693 1315 1757 ullo

215 1818 309 1861 sensu
332 1794 429 1860 scribi
452 1794 796 1882 „insulasCassiopas“
819 1795 884 1860 iam
903 1817 942 1860 ea
959 1817 1048 1859 exre
1063 1804 1208 1882 apparet,
1231 1794 1317 1880 quod

215 1898 242 1964 si
258 1898 329 1982 quis
343 1921 425 1962 nave
441 1921 481 1963 ex
495 1899 622 1964 Histria
635 1920 783 1986 egressus
796 1899 868 1964 illas
882 1898 975 1984 petit,
997 1898 1142 1985 profecto
1156 1920 1222 1964 non
1236 1900 1316 1964 mul·

215 2010 321 2066 torum
344 2024 498 2067 annorum
519 2001 595 2066 illuc
616 2001 782 2088 navigatio
805 2011 870 2085 est,
899 2000 956 2067 sed
981 2001 1077 2087 pauci
1099 2009 1226 2095 tantum
1248 2002 1317 2068 dies

214 2105 248 2169 in
270 2104 382 2170 itinere
405 2103 611 2170 consumendi
633 2113 717 2169 suut
751 2105 804 2171 De
827 2105 889 2171 alia
911 2114 1018 2171 autem
1037 2107 1239 2191 captivormn
1260 2128 1317 2171 na-

215 2208 280 2273 vali
301 2207 503 2295 expeditione
525 2207 613 2283 nulla
635 2206 831 2274 audivimus:
856 2209 908 2273 cui
930 2206 1071 2290 accedit,
1093 2209 1182 2293 quod
1204 2208 1315 2275 eodem

215 2312 280 2377 fere
301 2321 445 2398 tempore
467 2319 501 2376 et
523 2309 564 2374 ab
579 2309 661 2374 Asia
682 2309 716 2373 in
730 2310 931 2375 Britanniam
953 2310 1073 2377 Franci
1094 2322 1316 2396 pervenenmt,

215 2423 248 2482 et
270 2415 312 2481 ad
334 2414 455 2480 insulas
476 2410 652 2497 Cassiopas
674 2413 786 2479 relicta
805 2413 932 2480 Histria
953 2415 1074 2502 captivi
1095 2415 1158 2498 illi,
1180 2437 1316 2499 quorum

216 2527 328 2584 auctor
348 2524 458 2582 noster
479 2516 632 2581 meminit.
666 2516 741 2582 Hoc
763 2517 847 2583 euim
868 2517 977 2603 paullo
999 2526 1074 2584 autc
1093 2525 1207 2583 natum
1223 2517 1317 2582 Ethi-

214 2643 289 2687 cum
315 2620 413 2686 finisse
440 2621 562 2686 factum
590 2620 710 2705 apertis
741 2619 837 2706 atque
867 2621 961 2687 claris
988 2620 1095 2687 verbis
1122 2621 1193 2708 ipse
1220 2620 1316 2702 dioit;

215 2746 289 2789 nam
318 2722 431 2789 scribit
464 2733 529 2806 „et
562 2746 685 2809 usque
718 2725 756 2789 in
788 2723 890 2790 diem
924 2724 1160 2789 nativitatis
1191 2747 1316 2808 meae,

215 2848 314 2911 quae
345 2823 489 2891 dudum
524 2828 635 2893 culta
667 2828 846 2909 fuerant,
883 2827 923 2892 in
956 2824 1221 2893 solitudinem
1256 2848 1315 2901 re,-

215 2929 337 2996 dacta
358 2933 487 2995 sunt“.
1121 2978 1124 2983 -

301 3032 372 3097 Iam
394 3055 492 3121 supra
514 3032 801 3099 demonstravimus
818 3032 1107 3120 Cosmograpbiam
1136 3031 1248 3099 Ethici
1270 3034 1318 3098 in·

101 3222 109 3239 ι
215 3145 267 3202 tra
296 3159 396 3203 annos
424 3138 500 3206 396.
530 3144 563 3201 et
591 3137 667 3205 409.
700 3159 720 3202 a
751 3135 872 3205 Sancto
901 3136 1100 3224 Hieronymo
1129 3138 1319 3202 translatam

216 3263 301 3325 esse,
324 3263 426 3326 neque
448 3262 525 3306 vero
550 3237 663 3304 eodem
683 3248 828 3326 tempore
849 3241 890 3306 ab
912 3240 1032 3306 Ethico
1054 3242 1238 3326 conscripta
1258 3248 1317 3305 est.

216 3342 314 3428 Quod
343 3344 427 3411 enim
448 3343 513 3407 iam
543 3343 613 3408 aliis
641 3366 682 3409 en
711 3345 817 3410 causis
844 3344 912 3409 veri
941 3343 1044 3409 simile
1071 3351 1136 3410 est:
1171 3365 1212 3408 en
1241 3342 1317 3428 ipsis

215 3446 416 3514 translatoris
430 3446 536 3512 verbis
557 3456 702 3535 apparet,
718 3445 1006 3535 Oosmograpbiam
1021 3447 1201 3533 complures
1219 3465 1317 3510 annos

217 3560 290 3615 ante
313 3547 392 3614 illud
415 3557 542 3635 tempus
564 3549 605 3614 ab
632 3559 763 3616 auctore
786 3551 997 3635 compositam
1019 3551 1125 3618 fuisse.
1164 3549 1320 3636 Legimus

215 3655 338 3720 scilicet
360 3675 434 3740 pag.
452 3651 534 3734 500,
553 3675 582 3715 v.
608 3652 665 3720 12:
696 3676 836 3738 „quam
863 3663 904 3719 ut
933 3676 952 3718 a
974 3652 1320 3740 praecedentibus

215 3756 446 3821 lectoribus
475 3777 614 3822 errorem
643 3756 839 3844 enigmatum
865 3757 1011 3824 illorum“
1042 3766 1102 3822 etc.
1134 3755 1320 3842 quarelam

287 3931 356 3997 533)
375 3936 414 3984 ed.
433 3937 542 4002 Parthcy
562 3946 588 3987 ct
605 3939 698 3988 Pindcr
715 3953 772 4002 pag.
787 3936 846 3988 255.

344 4017 355 4082 )
375 4022 414 4070 ed.
433 4024 598 4088 Havcrcamp.
618 4039 675 4087 pag.
690 4021 731 4073 24.

287 4104 355 4169 535)
375 4109 414 4158 cd.
433 4108 544 4170 Asculi,
562 4118 623 4158 tom.
635 4109 680 4159 IV.
699 4124 756 4172 pag.
772 4107 830 4159 160.

287 4191 355 4254 536)
375 4194 419 4244 cfr.
440 4193 550 4255 Gibbou,
569 4195 585 4244 l.
600 4209 621 4244 c.
642 4210 696 4258 cap.
709 4196 767 4246 XII.
788 4192 860 4256 (tom.
873 4197 894 4246 1.
912 4210 970 4259 pag.
985 4193 1056 4256 340.)
