2752 4844
711 383 772 450 186

190 557 335 624 ne'forte
356 557 436 622 haee
459 557 500 622 de
521 558 561 623 iis
583 565 708 622 tantum
731 558 883 623 affirmari
905 559 1028 642 eredes,
1052 580 1133 642 quae
1156 558 1294 625 Germa-

189 662 275 725 niam
297 661 400 747 ipsam
422 662 575 743 incolunt,
597 661 662 725 iem
685 684 755 726 earn
778 669 904 748 gentem
927 662 1081 747 respicies
1109 684 1202 746 quae,
1225 685 1293 726 om·

189 765 277 831 nium
299 766 394 852 longe
415 764 637 847 remotissime,
664 764 757 830 sedes
778 766 891 830 incolit
911 767 945 830 in
968 765 1079 830 Thule
1094 765 1208 831 insula.
1255 765 1293 830 In

188 869 270 934 libro
293 869 376 933 enim
399 868 630 953 antiquissimo,
653 870 705 933 eui
727 891 843 933 nomen
860 861 1076 951 „Edda“'est‚
1098 870 1202 954 etqui
1225 871 1292 934 eius

189 973 295 1060 gentis
315 973 440 1038 fabulas
462 970 592 1038 exhibet
613 973 845 1037 vetustissimas
857 974 936 1055 ⁵⁰³),
965 995 1040 1058 pag.
1062 975 1132 1039 127.
1155 972 1292 1059 legimus

188 1077 270 1140 haee
281 1078 354 1159 ⁵⁰⁴):
386 1076 462 1160 „filii
483 1077 552 1140 Bur
579 1085 693 1161 postea
714 1074 821 1140 medio
843 1076 877 1139 in
899 1074 1020 1139 mundo
1042 1075 1293 1140 aedificaverunt

189 1201 295 1244 arcem
320 1181 540 1266 „Asgarten“:
569 1180 668 1245 haee
697 1188 784 1243 erat
807 1176 1024 1269 Troiam),
1054 1179 1109 1244 ubi
1131 1178 1189 1244 Dii
1219 1200 1291 1243 eum

188 1284 316 1349 familiis
338 1285 403 1349 suis
425 1286 458 1349 in
480 1293 644 1372 posterum
665 1282 840 1347 habitaturi
863 1287 984 1348 erant“.
1017 1281 1143 1347 Ibidem
1165 1307 1198 1368 p.
1215 1284 1289 1351 006.

129 1388 132 1395 ’
188 1408 303 1452 nomen
328 1385 453 1470 „Giord
475 1389 487 1454 i
509 1389 630 1453 Troiu“
654 1388 822 1452 invenitur.

277 1489 361 1556 Cum
382 1492 432 1558 his
455 1492 657 1559 consentiunt
678 1513 761 1576 quae
781 1492 815 1555 in
831 1492 893 1555 alio
907 1490 989 1554 libro
1006 1490 1164 1554 extentio
1179 1488 1291 1554 eadem
1360 1543 1366 1549 .

187 1593 291 1658 insula
313 1597 495 1681 conscripto
507 1597 579 1678 ὀὓς
612 1619 673 1678 „ex
700 1593 939 1681 septentrionali
966 1600 1058 1677 perte
1084 1600 1117 1656 et
1139 1617 1180 1658 ex
1201 1615 1290 1657 mon-

188 1697 274 1762 tibus
302 1700 356 1782 qui
385 1702 499 1765 remoti
527 1710 600 1764 sunt
623 1721 642 1762 5
665 1699 759 1762 terris
780 1694 1008 1762 habitabilibus
1030 1696 1148 1761 flumen
1170 1696 1288 1760 Tanais

188 1802 335 1886 procedit
473 1803 513 1868 ab
535 1802 598 1867 hoo
620 1803 654 1865 in
676 1798 843 1866 Orientem
865 1799 977 1866 versus
998 1801 1032 1865 in
1054 1802 1136 1866 Asia
1158 1803 1222 1866 sita
1243 1808 1291 1864 est

188 1906 359 1989 termille,
383 1928 477 1991 quem
500 1913 619 1972 vooant
643 1901 843 1987 „Asa-land“
868 1905 935 1968 sire
959 1904 1177 1986 „Asenwelt“‚
1201 1903 1290 1967 errius

187 2017 290 2074 terrae
312 2011 498 2096 principalis
520 2032 578 2074 arx
599 2015 716 2072 renata
738 2016 808 2071 erat
831 2007 1002 2094 „Asgard“
1027 2016 1087 2071 ote.
1102 2008 1170 2090 507).

276 2114 307 2181 3.
352 2108 498 2179 Eandem
527 2112 567 2176 de
596 2112 727 2195 antiqua
755 2112 860 2196 gentis
882 2111 959 2176 sede
979 2112 1098 2175 famam
1121 2133 1140 2175 5
1162 2110 1289 2173 maiori·

188 2216 247 2280 bus
269 2219 334 2282 suis
350 2216 495 2284 Saxones
517 2224 716 2301 acceperant.
753 2213 819 2280 Sed
842 2213 882 2279 de
904 2214 999 2279 huius
1014 2212 1289 2301 nationis-origine

258 2409 327 2474 503)
346 2414 391 2463 afr.
416 2415 473 2472 „die
495 2413 650 2465 1555515555
673 2412 754 2461 11555.
795 2413 848 2462 Das
870 2413 904 2462 ist
926 2413 966 2462 die
988 2413 1104 2476 geheime
1128 2410 1288 2461 Gotteslehre

187 2502 232 2551 der
249 2501 356 2550 tiltesten
371 2500 558 2564 Hyperboriien
576 2502 621 2549 der
638 2499 745 2561 Norder,
764 2500 808 2548 der
821 2499 946 2560 veneten,
965 2499 1075 2560 Gomon,
1088 2498 1222 2548 Vandalen
1240 2504 1287 2546 etc.

185 2588 224 2636 Im
242 2587 307 2636 Jaln·
327 2585 510 2636 1070-1075
585 2593 668 2635 zuorst
686 2587 750 2635 edirt
767 2599 817 2635 ron
835 2585 947 2635 Simund
964 2587 1073 2646 Froden,
1091 2585 1236 2633 hiem'aehst
1253 2584 1288 2632 im

185 2674 250 2730 Jahr
265 2673 339 2723 1664.
358 2690 408 2723 ron
427 2675 485 2722 dem
496 2672 599 2734 Kiinigl.
611 2673 759 2721 1155155555
770 2673 836 2722 Rath
848 2672 933 2721 Reson
951 2687 996 2720 aus
1015 2672 1064 2720 555
1082 2671 1189 2720 ’51155155
1201 2669 1287 2719 Hand·

186 2760 308 2808 schriften
323 2738 351 2808 in
370 2761 410 2808 die
429 2759 548 2807 ditnisehe
566 2775 591 2805 u.
610 2758 757 2807 lateiniseho
775 2758 887 2820 Spraehe
905 2757 1045 2818 ilbersetzt3
1063 2757 1113 2804 555
1132 2771 1185 2804 555
1201 2756 1229 2804 15
1247 2755 1287 2804 515

186 2846 374 2897 ho'ehrieutsehe
397 2845 509 2908 Spraohe
531 2846 658 2894 tibersatrt
681 2859 731 2894 von
749 2844 854 2893 Jacob‘
867 2841 1164 2893 Sohimmelmann“.
1196 2840 1287 2891 Stettiu

188 2932 263 2989 1777.
282 2929 325 2982 4⁰.
344 2947 401 2997 pag.
417 2930 474 2980 127.

255 3032 324 3096 501)
344 3035 411 3093 ,,1)15
429 3033 516 3083 Sdhne
540 3035 584 3084 555
602 3034 656 3082 Bur
676 3034 785 3082 baneten
802 3034 829 3081 in
848 3033 892 3081 der
909 3032 987 3094 rorgo
1005 3032 1095 3081 mitten
1111 3033 1139 3080 in
1156 3033 1202 3080 der
1218 3031 1288 3082 Welt

186 3124 227 3172 die
244 3121 502 3186 FesrungAsgnten
521 3121 566 3169 das
585 3136 636 3170 war
648 3119 734 3183 Troje,
752 3135 792 3169 wo
811 3120 852 3168 515
872 3119 961 3170 (10555
978 3119 1030 3168 und
1048 3119 1103 3168 ihre
1120 3118 1245 3167 Familien
1260 3119 1287 3167 iu

185 3210 230 3261 der
247 3209 325 3272 Folge
343 3209 452 3257 wohnen
470 3205 587 3256 sollten“.

255 3307 324 3370 505)
343 3292 387 3359 Sie
408 3309 509 3358 codices
532 3282 610 3358 Mssss
632 3317 696 3358 toste
719 3271 941 3359 Sehimmelmenn.
991 3305 1099 3356 Carolus
1121 3306 1239 3357 Simrook
1260 3307 1285 3355 in

184 3398 299 3446 versione
316 3397 373 3445 libri
391 3395 529 3443 novissima
546 3409 604 3457 pag.
618 3391 677 3442 247.
696 3395 773 3442 verba
791 3395 852 3452 „das
871 3410 922 3442 war
939 3391 1033 3455 'I'roje“
1053 3393 1144 3442 omisit.

255 3483 430 3555 506)'Snorri
447 3494 600 3544 Sturluson's
612 3496 748 3546 Woltkreis
767 3492 977 3560 (Heimskringla)
996 3497 1079 3545 iibere.
1098 3495 1149 3544 555
1168 3497 1287 3546 erliutert

184 3597 233 3630 von
251 3581 297 3629 Dr.
315 3581 458 3631 Ferdinand
476 3581 602 3629 Waehler.
639 3580 735 3630 2v011.
772 3582 878 3644 Leipzig
897 3581 1087 3631 ress-1836.
1121 3581 1166 3630 etr.
1185 3590 1247 3632 tom.
1264 3584 1284 3632 1.

183 3685 240 3733 pag.
256 3667 296 3718 13.

256 3766 324 3829 501)
344 3770 417 3827 „Aua
438 3769 542 3818 Norden
563 3749 613 3819 ron
635 3771 684 3819 555
709 3769 848 3834 05515355,
873 3773 969 3821 welche
990 3771 1134 3820 aussarhnlb
1156 3772 1219 3820 51155
1242 3773 1284 3820 55-

184 3857 302 3905 wohnten
324 3856 425 3904 L'ander
446 3856 542 3918 hegen,
568 3855 623 3905 salit
645 3858 690 3907 der
713 3857 783 3906 Fluss
806 3859 885 3906 dureh
909 3857 1022 3907 Svithiod
1046 3859 1091 3906 der
1112 3856 1222 3906 weloher
1239 3860 1287 3908 mit

182 3943 265 3992 Rooht
281 3943 376 3993 Tanais
393 3942 471 3991 heisst
554 3943 593 3990 Im
606 3940 686 3992 Oeten
704 3958 762 3992 rom
780 3940 873 3992 Tanais
891 3945 917 3992 in
935 3944 1000 3992 Asia
1017 3944 1222 4016 5555551555
1240 3960 1284 4008 ge-

183 4037 263 4080 55551
278 4028 400 4089 5551555,
419 4029 481 4078 oder
498 4029 639 4088 Asenwelt3
658 4030 719 4077 eber
736 4029 776 4078 die
795 4029 945 4092 Hauptburg
962 4031 1057 4080 551555
1074 4032 1101 4079 15
1119 4031 1177 4080 dem
1195 4031 1285 4080 Laude

183 4130 241 4177 war,
260 4123 372 4165 nanntan
390 4116 426 4164 sio
444 4114 552 4176 Asgerd.
583 4113 654 4162 Aber
671 4115 698 4162 in
715 4116 761 4164 der
772 4115 844 4178 Bnrg
861 4131 912 4164 war·
929 4114 1068 4180 H'anpding
1086 4118 1138 4177 der,
1156 4118 1202 4167 der
1215 4116 1286 4167 0515

183 4208 294 4262 genennt
312 4202 386 4261 wird;
405 4202 462 4249 dort
480 4214 532 4248 war
551 4199 606 4247 eine
626 4199 710 4261 grosse
730 4199 910 4264 Opferstiitte“⁸
931 4209 978 4251 ete.
