2752 4844
670 380 691 444 4

126 579 202 619 num
225 556 401 619 sententiae
423 563 512 619 ortae
535 554 615 637 sint,
643 562 681 619 ut
708 553 749 618 de
771 553 913 619 Aethioo
936 553 1024 638 quod
1046 562 1168 618 certum
1192 555 1238 619 sit

128 666 275 724 constare
296 658 376 723 nihil
397 657 554 723 videatur.

215 759 317 827 Cuius
339 763 387 826 rei
409 763 436 826 si
458 763 638 848 exemplum
654 761 848 827 afferendum
863 771 922 844 est,
945 762 1120 849 ambigitur
1135 762 1236 827 etiam

126 889 211 932 nuno
233 865 320 951 apud
341 868 427 930 viros
451 864 564 930 doctos
587 865 639 929 cui
661 866 863 950 potissimum
883 867 1006 930 auctori
1022 876 1054 932 et
1070 890 1133 951 quo
1152 874 1237 930 tem-

126 994 203 1057 pore
218 969 344 1034 florenti
365 968 439 1033 libri
460 969 507 1032 illi
530 968 714 1055 assignandi
736 969 808 1034 sint.
848 967 957 1050 Quare
979 970 1153 1035 extiterunt
1176 972 1235 1054 qui

127 1072 416 1160 Oosmographiam
440 1070 626 1135 addicerent
646 1071 731 1136 Istro
748 1069 969 1155 Callimachio,
991 1071 1029 1137 O.
1046 1074 1130 1138 Iulio
1147 1071 1234 1138 Cae-

87 1234 91 1250 ,
126 1179 200 1260 sari,
223 1177 339 1241 Marco
359 1176 514 1258 Antonio,
538 1174 720 1241 Octaviano
735 1177 898 1262 Augusto,
920 1175 1036 1241 Marco
1051 1178 1233 1263 Agrippae,

125 1282 291 1346 Antonino
313 1279 374 1343 Pio
396 1278 604 1364 Imperatori,
634 1278 798 1344 Antonino
828 1277 1031 1361 Caracallae,
1060 1279 1143 1345 Iulio
1174 1281 1233 1345 Ti-

125 1386 212 1449 tiano
221 1388 246 1467 3)
264 1383 436 1447 Maximini
453 1380 601 1448 Caesaris
623 1383 789 1468 magistro,
805 1384 978 1449 Ammiano
992 1382 1184 1449 Marcellino
1192 1386 1232 1466 ⁴),

123 1488 208 1552 Iulio
225 1488 382 1568 Honorio,
405 1485 557 1568 Aethioo,
580 1485 682 1551 Paulo
700 1484 817 1551 Orosio
840 1487 1045 1552 historiarum
1068 1488 1230 1573 scriptori,

124 1591 335 1679 grammatico
358 1590 535 1672 Prisciano,
561 1591 727 1654 Antonino
750 1589 890 1656 Aethioo
903 1593 946 1673 ⁵),
969 1590 1138 1655 Marciano
1161 1591 1230 1656 He-

123 1695 283 1760 racleotae
296 1696 333 1777 θ),
357 1694 493 1777 denique
516 1693 666 1758 Mariano
690 1692 790 1759 Scoto
803 1695 828 1771 7)
853 1696 972 1759 saeculi
993 1694 1155 1759 undecimi
1178 1717 1229 1758 or-

124 1799 207 1863 dinis
228 1798 510 1862 Benedictinorum
532 1795 689 1861 monacho
714 1796 889 1880 (†1088.)
909 1800 953 1882 ⁸).

210 1902 327 1987 Neque
348 1902 452 1966 minus
475 1901 509 1965 in
531 1901 658 1965 diversa
680 1898 827 1964 abierunt
849 1902 909 1965 viri
932 1902 1030 1983 docti,
1054 1902 1081 1965 si
1100 1900 1142 1964 ad
1156 1902 1229 1985 ipsa

123 2006 277 2094 opuscula
300 2005 492 2070 accedimus.
529 2003 616 2067 Nam
639 2002 738 2067 libros
760 2005 832 2068 illos
848 2028 956 2070 omnes
971 2006 1111 2073 Aethioo
1129 2005 1230 2069 ascri-

121 2112 202 2175 bunt
231 2111 301 2192 alii,
330 2118 368 2173 ut
390 2107 636 2186 D’AvezaciuS,
666 2115 780 2170 eontra
809 2109 863 2172 alii
884 2109 1009 2174 nonnisi
1032 2106 1229 2193 Cosmogra-

121 2214 232 2301 phiam
245 2215 276 2293 9)
309 2234 391 2296 quae
418 2212 478 2278 sub
510 2211 578 2275 eius
604 2209 731 2274 nomine
753 2211 886 2298 vulgata
914 2221 972 2276 est.
1018 2211 1228 2294 Quinetiam

122 2316 278 2381 eiusmodi
300 2317 429 2403 ingenia
452 2315 635 2396 extiterunt,
660 2314 715 2396 qui
730 2323 786 2378 aut
800 2316 938 2399 priorem
950 2317 986 2400 ¹⁰)
1003 2315 1126 2381 laudati
1141 2315 1228 2398 libri,

122 2429 177 2484 aut
199 2421 408 2504 posteriorem
422 2419 461 2499 ¹¹)
477 2425 604 2481 tantum
626 2424 751 2500 partem
775 2417 924 2484 adhunc
946 2428 1109 2484 auctorem
1130 2419 1228 2484 redu-

121 2524 254 2589 cendam
284 2546 352 2588 esse
383 2522 534 2586 dicerent.
580 2521 728 2604 Denique
758 2530 790 2585 et
818 2521 893 2587 Iulii
914 2524 1053 2588 Honorii
1075 2520 1226 2589 Oratoris

190 2733 222 2797 3)
243 2736 357 2786 Gcrhard
376 2735 506 2799 Sch'oning
524 2737 551 2784 in
570 2729 743 2794 ,Historischc
761 2736 965 2801 Abhandlungen
989 2738 1034 2785 ‹Icr
1051 2737 1152 2798 Ktnigl.
1173 2737 1225 2785 Ge-

119 2823 249 2872 sellschaft
266 2824 312 2871 ‹ler
329 2822 547 2872 wissenschaften
566 2839 596 2870 zu
615 2822 816 2887 Kopenhagen“.
841 2832 902 2874 tom.
915 2825 960 2885 IV,
979 2839 1004 2886 p.
1019 2821 1177 2872 238--242
1198 2833 1225 2873 et

119 2918 179 2958 tom.
192 2909 225 2970 V,
243 2925 269 2972 p.
284 2905 443 2957 158-180.

189 2991 222 3056 4)
243 2994 342 3054 Cluver,
363 2993 499 3043 Germania
517 2995 619 3056 antiqua
635 3012 660 3060 p.
676 2995 736 3061 354.

189 3075 223 3142 5)
243 3079 320 3143 Oasp.
333 3079 431 3128 Bartbii
449 3079 658 3131 Adversariorum
677 3082 923 3133 Commentariorum
941 3080 998 3129 libri
1016 3079 1071 3129 Lx.
1102 3077 1219 3127 Francos.

120 3165 196 3218 1624.
227 3167 272 3215 fol.
303 3173 364 3214 tom.
376 3167 396 3227 I,
414 3182 440 3230 p.
453 3165 645 3235 2085-2088.

189 3248 220 3312 6)
239 3252 361 3301 Hadriani
383 3254 449 3303 Iunii
467 3255 581 3304 Hornani
603 3257 708 3318 medici,
731 3255 844 3304 Batavis.
882 3253 963 3316 Lugd.
982 3254 1039 3302 Bat.
1064 3250 1139 3300 1588.
1176 3246 1219 3297 4⁰.

117 3355 175 3403 pag.
188 3336 248 3389 263.
273 3346 299 3388 et
323 3337 424 3391 Gabriel
441 3343 575 3392 Naudaeus
598 3345 625 3392 in
642 3341 834 3403 Bibliographia
856 3340 961 3401 politica
979 3345 1004 3386 et
1021 3350 1113 3384 aroana
1131 3341 1220 3395 status,

117 3442 176 3474 cum
197 3425 264 3474 notis
376 3435 478 3478 auctore
501 3430 537 3478 M.
558 3429 690 3480 Gladovio.
728 3425 796 3474 Cura
815 3423 882 3484 Lupi
899 3423 1014 3470 Fecialis.
1050 3421 1121 3483 Lips.
1142 3420 1218 3470 1712.

117 3509 138 3569 ξ.
153 3511 195 3562 30.
213 3527 270 3575 pag.
285 3510 326 3562 73.

187 3594 218 3658 7)
237 3599 345 3648 Fabricii
361 3601 483 3650 Biblioth.
502 3600 594 3648 Latina
612 3599 651 3647 cd.
671 3594 780 3654 Ernesti,
799 3590 961 3656 Lips.1773.
988 3602 1048 3643 tom.
1061 3594 1082 3654 I,
1100 3609 1125 3656 p.
1140 3591 1200 3644 271.

186 3680 218 3744 8)
237 3686 344 3736 Fabricii
367 3687 488 3736 Biblioth.
513 3685 612 3733 mediae
635 3689 661 3730 et
683 3681 761 3729 infim.
786 3678 929 3729 Latinitatis
954 3681 993 3729 ed.
1015 3679 1070 3730 Ioh.
1088 3681 1218 3730 Dominio.

115 3770 206 3820 Mansi.
233 3779 293 3821 tom.
306 3774 339 3834 V,
357 3772 454 3822 Patavii
474 3767 550 3818 1754.
581 3763 624 3815 4⁰.
651 3782 677 3829 p.
691 3765 733 3814 28.
761 3767 843 3815 coll.

186 3855 217 3918 9)
236 3860 389 3920 Wesseling,
407 3856 502 3905 Vetera
518 3853 692 3901 Romanorum
709 3853 841 3901 Itineraria
860 3858 907 3901 etc.
943 3851 1053 3901 Praefat.
1072 3860 1098 3901 et
1115 3853 1165 3901 alii.

169 3941 217 4005 10)
236 3946 333 3994 Ritschl
357 3943 415 4000 „die
433 3939 608 4000 Vermessung
630 3939 674 3988 des
692 3940 766 3988 Rom.
785 3938 893 3987 Reiches
916 3946 990 3988 unter
1012 3938 1143 4001 Augustus
1166 3941 1219 3988 und

115 4030 154 4079 die
168 4031 307 4081 Weltkarte
327 4030 371 4075 des
389 4022 521 4087 Agrippa“
541 4031 588 4073 etc.
607 4025 633 4073 in
651 4025 741 4074 Museo
759 4025 883 4075 Rhenano
904 4024 979 4075 1842,
1004 4041 1029 4088 p.
1041 4023 1199 4074 tsi-523.

168 4113 217 4176 11)
237 4113 339 4164 Conrad
357 4111 487 4170 Mauram,
510 4111 609 4161 Tabula
626 4110 821 4176 Peutingen‘ana
839 4120 886 4162 etc.
916 4111 987 4175 Lips.
1003 4108 1079 4160 1824.
1115 4109 1219 4160 Praefa-

113 4204 149 4251 tio
166 4215 224 4264 pag.
237 4199 307 4249 VIII.
