<?xml version="1.0" encoding="UTF-8"?>
<!DOCTYPE html PUBLIC "-//W3C//DTD XHTML 1.0 Transitional//EN"
    "http://www.w3.org/TR/xhtml1/DTD/xhtml1-transitional.dtd">
<html xmlns="http://www.w3.org/1999/xhtml" xml:lang="en" lang="en">
 <head>
  <title>
</title>
<meta http-equiv="Content-Type" content="text/html;charset=utf-8" />
  <meta name='ocr-system' content='tesseract 3.04.00' />
  <meta name='ocr-capabilities' content='ocr_page ocr_carea ocr_par ocr_line ocrx_word'/>
</head>
<body>
  <div class='ocr_page' id='page_1' title='image "./decosmographiae00pertgoog_0044.png"; bbox 0 0 2752 4844; ppageno 0'>
   <div class='ocr_carea' id='block_1_1' title="bbox 619 399 659 467">
    <p class='ocr_par' dir='ltr' id='par_1_1' title="bbox 619 399 659 467">
     <span class='ocr_line' id='line_1_1' title="bbox 619 399 659 467; baseline -0.025 0"><span class='ocrx_word' id='word_1_1' title='bbox 619 399 659 467; x_wconf 89' lang='lat'>31</span> 
     </span>
    </p>
   </div>
   <div class='ocr_carea' id='block_1_2' title="bbox 91 572 1194 852">
    <p class='ocr_par' dir='ltr' id='par_1_2' title="bbox 91 572 1194 852">
     <span class='ocr_line' id='line_1_2' title="bbox 91 572 1192 660; baseline -0.005 -17"><span class='ocrx_word' id='word_1_2' title='bbox 91 577 169 660; x_wconf 86' lang='lat' dir='ltr'>orit,</span> <span class='ocrx_word' id='word_1_3' title='bbox 199 575 324 642; x_wconf 86' lang='lat' dir='ltr'>seilicet</span> <span class='ocrx_word' id='word_1_4' title='bbox 349 574 407 639; x_wconf 93' lang='lat' dir='ltr'>ubi</span> <span class='ocrx_word' id='word_1_5' title='bbox 435 573 476 639; x_wconf 88' lang='lat' dir='ltr'>de</span> <span class='ocrx_word' id='word_1_6' title='bbox 503 574 587 639; x_wconf 93' lang='lat' dir='ltr'>Iulio</span> <span class='ocrx_word' id='word_1_7' title='bbox 612 574 759 640; x_wconf 89' lang='lat' dir='ltr'>Honorio</span> <span class='ocrx_word' id='word_1_8' title='bbox 780 574 919 642; x_wconf 78' lang='lat' dir='ltr'>Oratore</span> <span class='ocrx_word' id='word_1_9' title='bbox 948 572 1192 658; x_wconf 70' lang='lat' dir='ltr'><strong>disputabimus.</strong></span> 
     </span>
     <span class='ocr_line' id='line_1_3' title="bbox 91 677 1194 764; baseline -0.004 -18"><span class='ocrx_word' id='word_1_10' title='bbox 91 679 204 764; x_wconf 81' lang='lat' dir='ltr'>Quare</span> <span class='ocrx_word' id='word_1_11' title='bbox 224 679 330 746; x_wconf 87' lang='lat' dir='ltr'>missis</span> <span class='ocrx_word' id='word_1_12' title='bbox 353 678 467 745; x_wconf 85' lang='lat' dir='ltr'>ceteris</span> <span class='ocrx_word' id='word_1_13' title='bbox 488 678 554 744; x_wconf 91' lang='lat' dir='ltr'>iam</span> <span class='ocrx_word' id='word_1_14' title='bbox 569 677 611 742; x_wconf 89' lang='lat' dir='ltr'>ad</span> <span class='ocrx_word' id='word_1_15' title='bbox 626 679 714 764; x_wconf 90' lang='lat' dir='ltr'>ipsos</span> <span class='ocrx_word' id='word_1_16' title='bbox 728 678 827 744; x_wconf 90' lang='lat' dir='ltr'>libros</span> <span class='ocrx_word' id='word_1_17' title='bbox 840 677 1075 763; x_wconf 87' lang='lat' dir='ltr'>manuscriptos</span> <span class='ocrx_word' id='word_1_18' title='bbox 1089 685 1194 742; x_wconf 89' lang='lat' dir='ltr'>trans-</span> 
     </span>
     <span class='ocr_line' id='line_1_4' title="bbox 91 806 211 852; baseline -0.025 0"><span class='ocrx_word' id='word_1_19' title='bbox 91 806 211 852; x_wconf 87' lang='lat' dir='ltr'>eamus.</span> 
     </span>
    </p>
   </div>
   <div class='ocr_carea' id='block_1_3' title="bbox 472 931 686 1049">
    <p class='ocr_par' dir='ltr' id='par_1_3' title="bbox 472 931 686 1049">
     <span class='ocr_line' id='line_1_5' title="bbox 472 931 686 1049; baseline -0.019 -17"><span class='ocrx_word' id='word_1_20' title='bbox 472 931 475 935; x_wconf 42' lang='lat'><strong>⁴</strong></span> <span class='ocrx_word' id='word_1_21' title='bbox 599 967 630 1049; x_wconf 66' lang='lat' dir='ltr'>s.</span> <span class='ocrx_word' id='word_1_22' title='bbox 655 969 686 1032; x_wconf 86' lang='lat'>5.</span> 
     </span>
    </p>
   </div>
   <div class='ocr_carea' id='block_1_4' title="bbox 247 1110 1037 1173">
    <p class='ocr_par' dir='ltr' id='par_1_4' title="bbox 247 1110 1037 1173">
     <span class='ocr_line' id='line_1_6' title="bbox 247 1110 1037 1173; baseline -0.003 -7"><span class='ocrx_word' id='word_1_23' title='bbox 247 1116 295 1166; x_wconf 84' lang='lat' dir='ltr'>DE</span> <span class='ocrx_word' id='word_1_24' title='bbox 313 1112 426 1165; x_wconf 84' lang='lat' dir='ltr'>LIBRIS</span> <span class='ocrx_word' id='word_1_25' title='bbox 443 1110 518 1162; x_wconf 80' lang='lat' dir='ltr'>MSS.</span> <span class='ocrx_word' id='word_1_26' title='bbox 538 1111 600 1173; x_wconf 85' lang='lat' dir='ltr'>QVI</span> <span class='ocrx_word' id='word_1_27' title='bbox 616 1111 667 1161; x_wconf 88' lang='lat' dir='ltr'>AD</span> <span class='ocrx_word' id='word_1_28' title='bbox 685 1111 766 1162; x_wconf 82' lang='lat' dir='ltr'><strong>FAM.</strong></span> <span class='ocrx_word' id='word_1_29' title='bbox 783 1113 817 1162; x_wconf 90' lang='lat' dir='ltr'>A.</span> <span class='ocrx_word' id='word_1_30' title='bbox 836 1113 1037 1164; x_wconf 83' lang='lat' dir='ltr'>PERTINENT.</span> 
     </span>
    </p>
   </div>
   <div class='ocr_carea' id='block_1_5' title="bbox 92 1244 1197 2268">
    <p class='ocr_par' dir='ltr' id='par_1_5' title="bbox 92 1244 1196 1857">
     <span class='ocr_line' id='line_1_7' title="bbox 183 1244 1195 1331; baseline -0.003 -13"><span class='ocrx_word' id='word_1_31' title='bbox 183 1250 212 1318; x_wconf 86' lang='grc'>1.</span> <span class='ocrx_word' id='word_1_32' title='bbox 257 1248 351 1316; x_wconf 82' lang='lat' dir='ltr'>cod.</span> <span class='ocrx_word' id='word_1_33' title='bbox 382 1247 659 1317; x_wconf 89' lang='lat' dir='ltr'>Scorialensis</span> <span class='ocrx_word' id='word_1_34' title='bbox 687 1247 724 1311; x_wconf 95' lang='grc' dir='ltr'>ΙΙ</span> <span class='ocrx_word' id='word_1_35' title='bbox 744 1244 792 1331; x_wconf 88' lang='lat' dir='ltr'>R,</span> <span class='ocrx_word' id='word_1_36' title='bbox 823 1247 874 1316; x_wconf 85' lang='lat'>18.</span> <span class='ocrx_word' id='word_1_37' title='bbox 904 1257 998 1314; x_wconf 88' lang='lat' dir='ltr'>antea</span> <span class='ocrx_word' id='word_1_38' title='bbox 1024 1246 1195 1315; x_wconf 82' lang='lat' dir='ltr'>ovetensis</span> 
     </span>
     <span class='ocr_line' id='line_1_8' title="bbox 92 1340 1194 1444; baseline -0.006 -22"><span class='ocrx_word' id='word_1_39' title='bbox 92 1356 284 1444; x_wconf 80' lang='grc'><strong>1111111111</strong></span> <span class='ocrx_word' id='word_1_40' title='bbox 306 1351 474 1439; x_wconf 86' lang='lat' dir='ltr'>quadrata.</span> <span class='ocrx_word' id='word_1_41' title='bbox 510 1348 663 1417; x_wconf 82' lang='lat' dir='ltr'>Continet</span> <span class='ocrx_word' id='word_1_42' title='bbox 678 1344 1008 1440; x_wconf 58' lang='lat' dir='ltr'>varia&#39;geographica</span> <span class='ocrx_word' id='word_1_43' title='bbox 1030 1340 1194 1435; x_wconf 87' lang='lat' dir='ltr'>historica,</span> 
     </span>
     <span class='ocr_line' id='line_1_9' title="bbox 92 1453 1196 1546; baseline -0.005 -21"><span class='ocrx_word' id='word_1_44' title='bbox 92 1459 285 1546; x_wconf 81' lang='lat' dir='ltr'>theologica,</span> <span class='ocrx_word' id='word_1_45' title='bbox 300 1459 334 1522; x_wconf 92' lang='lat' dir='ltr'>in</span> <span class='ocrx_word' id='word_1_46' title='bbox 350 1457 464 1544; x_wconf 89' lang='lat' dir='ltr'>quibus</span> <span class='ocrx_word' id='word_1_47' title='bbox 474 1453 1196 1543; x_wconf 83' lang='lat' dir='ltr'>Pseudo-AethioiCosmographiam</span> 
     </span>
     <span class='ocr_line' id='line_1_10' title="bbox 93 1560 1195 1648; baseline -0.001 -19"><span class='ocrx_word' id='word_1_48' title='bbox 93 1562 220 1630; x_wconf 86' lang='lat' dir='ltr'>saeculo</span> <span class='ocrx_word' id='word_1_49' title='bbox 235 1561 334 1646; x_wconf 83' lang='lat' dir='ltr'><strong>VIII,</strong></span> <span class='ocrx_word' id='word_1_50' title='bbox 349 1571 386 1627; x_wconf 94' lang='lat' dir='ltr'>ut</span> <span class='ocrx_word' id='word_1_51' title='bbox 403 1560 541 1643; x_wconf 87' lang='lat' dir='ltr'>videtur,</span> <span class='ocrx_word' id='word_1_52' title='bbox 565 1568 700 1626; x_wconf 89' lang='lat' dir='ltr'>exeunte</span> <span class='ocrx_word' id='word_1_53' title='bbox 715 1561 879 1648; x_wconf 88' lang='lat' dir='ltr'>scriptum.</span> <span class='ocrx_word' id='word_1_54' title='bbox 914 1560 1034 1646; x_wconf 86' lang='lat' dir='ltr'>Incipit</span> <span class='ocrx_word' id='word_1_55' title='bbox 1048 1560 1102 1624; x_wconf 84' lang='lat' dir='ltr'>fol.</span> <span class='ocrx_word' id='word_1_56' title='bbox 1120 1561 1195 1628; x_wconf 75' lang='lat'>55¹:</span> 
     </span>
     <span class='ocr_line' id='line_1_11' title="bbox 93 1662 1196 1749; baseline -0.004 -17"><span class='ocrx_word' id='word_1_57' title='bbox 93 1664 327 1734; x_wconf 72' lang='lat' dir='ltr'>DIMENSIO</span> <span class='ocrx_word' id='word_1_58' title='bbox 356 1663 554 1731; x_wconf 80' lang='lat' dir='ltr'><strong>TERRAE.</strong></span> <span class='ocrx_word' id='word_1_59' title='bbox 610 1664 720 1749; x_wconf 87' lang='lat' dir='ltr'>„Iulio</span> <span class='ocrx_word' id='word_1_60' title='bbox 751 1662 871 1730; x_wconf 84' lang='lat' dir='ltr'>Cesare</span> <span class='ocrx_word' id='word_1_61' title='bbox 905 1686 1013 1730; x_wconf 91' lang='lat' dir='ltr'>marco</span> <span class='ocrx_word' id='word_1_62' title='bbox 1043 1673 1075 1728; x_wconf 90' lang='lat' dir='ltr'>et</span> <span class='ocrx_word' id='word_1_63' title='bbox 1104 1671 1196 1728; x_wconf 87' lang='lat' dir='ltr'>antu-</span> 
     </span>
     <span class='ocr_line' id='line_1_12' title="bbox 93 1769 678 1857; baseline -0.003 -22"><span class='ocrx_word' id='word_1_64' title='bbox 93 1771 194 1835; x_wconf 84' lang='lat' dir='ltr'>nino“</span> <span class='ocrx_word' id='word_1_65' title='bbox 220 1778 282 1834; x_wconf 90' lang='lat' dir='ltr'>cet.</span> <span class='ocrx_word' id='word_1_66' title='bbox 305 1770 437 1857; x_wconf 82' lang='lat' dir='ltr'>explicit</span> <span class='ocrx_word' id='word_1_67' title='bbox 458 1769 513 1834; x_wconf 89' lang='lat' dir='ltr'>fol.</span> <span class='ocrx_word' id='word_1_68' title='bbox 530 1770 582 1837; x_wconf 83' lang='lat'>62.</span> <span class='ocrx_word' id='word_1_69' title='bbox 598 1777 678 1834; x_wconf 87' lang='lat' dir='ltr'>rect.</span> 
     </span>
    </p>

    <p class='ocr_par' dir='ltr' id='par_1_6' title="bbox 93 1871 1197 2268">
     <span class='ocr_line' id='line_1_13' title="bbox 181 1871 1195 1956; baseline 0.002 -20"><span class='ocrx_word' id='word_1_70' title='bbox 181 1873 499 1936; x_wconf 83' lang='lat' dir='ltr'>Praestantissimum</span> <span class='ocrx_word' id='word_1_71' title='bbox 520 1871 606 1936; x_wconf 89' lang='lat' dir='ltr'>huno</span> <span class='ocrx_word' id='word_1_72' title='bbox 629 1872 789 1956; x_wconf 85' lang='lat' dir='ltr'>codicem,</span> <span class='ocrx_word' id='word_1_73' title='bbox 816 1896 899 1938; x_wconf 91' lang='lat' dir='ltr'>anno</span> <span class='ocrx_word' id='word_1_74' title='bbox 925 1873 1010 1940; x_wconf 81' lang='lat'>1572</span> <span class='ocrx_word' id='word_1_75' title='bbox 1034 1871 1132 1938; x_wconf 89' lang='lat' dir='ltr'>Oveti</span> <span class='ocrx_word' id='word_1_76' title='bbox 1155 1872 1195 1938; x_wconf 90' lang='lat' dir='ltr'>ab</span> 
     </span>
     <span class='ocr_line' id='line_1_14' title="bbox 95 1964 1196 2064; baseline -0.004 -20"><span class='ocrx_word' id='word_1_77' title='bbox 95 2001 129 2044; x_wconf 91' lang='lat' dir='ltr'>se</span> <span class='ocrx_word' id='word_1_78' title='bbox 157 1975 353 2063; x_wconf 86' lang='lat' dir='ltr'>inspectum,</span> <span class='ocrx_word' id='word_1_79' title='bbox 382 1964 545 2040; x_wconf 85' lang='lat' dir='ltr'>Antonius</span> <span class='ocrx_word' id='word_1_80' title='bbox 573 1973 613 2039; x_wconf 89' lang='lat' dir='ltr'>de</span> <span class='ocrx_word' id='word_1_81' title='bbox 635 1972 778 2041; x_wconf 87' lang='lat' dir='ltr'>Morales</span> <span class='ocrx_word' id='word_1_82' title='bbox 804 1983 899 2061; x_wconf 90' lang='lat' dir='ltr'>putat</span> <span class='ocrx_word' id='word_1_83' title='bbox 921 1975 1044 2064; x_wconf 79' lang='lat' dir='ltr'>origine</span> <span class='ocrx_word' id='word_1_84' title='bbox 1065 1976 1196 2042; x_wconf 82' lang='lat' dir='ltr'>Toleta-</span> 
     </span>
     <span class='ocr_line' id='line_1_15' title="bbox 93 2066 1197 2168; baseline 0 -22"><span class='ocrx_word' id='word_1_85' title='bbox 93 2105 172 2146; x_wconf 93' lang='lat' dir='ltr'>num</span> <span class='ocrx_word' id='word_1_86' title='bbox 201 2103 270 2146; x_wconf 89' lang='lat' dir='ltr'>esse</span> <span class='ocrx_word' id='word_1_87' title='bbox 301 2080 376 2164; x_wconf 77' lang='lat' dir='ltr'>(cfr.</span> <span class='ocrx_word' id='word_1_88' title='bbox 398 2078 503 2167; x_wconf 85' lang='lat' dir='ltr'>Viage</span> <span class='ocrx_word' id='word_1_89' title='bbox 525 2101 606 2166; x_wconf 89' lang='lat' dir='ltr'>para</span> <span class='ocrx_word' id='word_1_90' title='bbox 627 2098 799 2142; x_wconf 87' lang='lat' dir='ltr'>reconooer</span> <span class='ocrx_word' id='word_1_91' title='bbox 819 2066 868 2145; x_wconf 88' lang='lat' dir='ltr'>las</span> <span class='ocrx_word' id='word_1_92' title='bbox 889 2080 1039 2164; x_wconf 87' lang='lat' dir='ltr'>reliquias</span> <span class='ocrx_word' id='word_1_93' title='bbox 1174 2105 1197 2168; x_wconf 85' lang='lat' dir='ltr'><strong>y</strong></span> 
     </span>
     <span class='ocr_line' id='line_1_16' title="bbox 93 2170 1197 2268; baseline -0.001 -18"><span class='ocrx_word' id='word_1_94' title='bbox 93 2185 192 2250; x_wconf 90' lang='lat' dir='ltr'>libros</span> <span class='ocrx_word' id='word_1_95' title='bbox 214 2170 426 2249; x_wconf 88' lang='lat' dir='ltr'>manuscritos</span> <span class='ocrx_word' id='word_1_96' title='bbox 453 2182 564 2248; x_wconf 87' lang='lat' dir='ltr'>delas</span> <span class='ocrx_word' id='word_1_97' title='bbox 587 2180 797 2248; x_wconf 88' lang='lat' dir='ltr'>Cathedrales</span> <span class='ocrx_word' id='word_1_98' title='bbox 818 2207 842 2268; x_wconf 83' lang='lat' dir='ltr'>y</span> <span class='ocrx_word' id='word_1_99' title='bbox 864 2181 1094 2266; x_wconf 85' lang='lat' dir='ltr'>Mouasterios3</span> <span class='ocrx_word' id='word_1_100' title='bbox 1125 2185 1197 2250; x_wconf 83' lang='lat' dir='ltr'>(lale</span> 
     </span>
    </p>
   </div>
   <div class='ocr_carea' id='block_1_6' title="bbox 72 2286 1198 2890">
    <p class='ocr_par' dir='ltr' id='par_1_7' title="bbox 72 2286 1198 2890">
     <span class='ocr_line' id='line_1_17' title="bbox 94 2286 1196 2372; baseline 0.002 -20"><span class='ocrx_word' id='word_1_101' title='bbox 94 2312 114 2352; x_wconf 90' lang='lat' dir='ltr'>a</span> <span class='ocrx_word' id='word_1_102' title='bbox 135 2290 187 2355; x_wconf 83' lang='lat' dir='ltr'>luz</span> <span class='ocrx_word' id='word_1_103' title='bbox 210 2287 266 2352; x_wconf 81' lang='lat' dir='ltr'>Fr.</span> <span class='ocrx_word' id='word_1_104' title='bbox 287 2287 333 2352; x_wconf 91' lang='lat' dir='ltr'>H.</span> <span class='ocrx_word' id='word_1_105' title='bbox 352 2286 485 2371; x_wconf 81' lang='lat' dir='ltr'>Florez,</span> <span class='ocrx_word' id='word_1_106' title='bbox 507 2287 642 2353; x_wconf 86' lang='lat' dir='ltr'>Madrid</span> <span class='ocrx_word' id='word_1_107' title='bbox 665 2287 762 2354; x_wconf 83' lang='lat'><strong>1765.</strong></span> <span class='ocrx_word' id='word_1_108' title='bbox 784 2286 839 2350; x_wconf 90' lang='lat' dir='ltr'>fol.</span> <span class='ocrx_word' id='word_1_109' title='bbox 862 2308 937 2372; x_wconf 85' lang='lat' dir='ltr'>pag.</span> <span class='ocrx_word' id='word_1_110' title='bbox 954 2287 1038 2372; x_wconf 82' lang='lat'><strong>93.).</strong></span> <span class='ocrx_word' id='word_1_111' title='bbox 1083 2289 1136 2353; x_wconf 90' lang='lat' dir='ltr'>De</span> <span class='ocrx_word' id='word_1_112' title='bbox 1158 2311 1196 2354; x_wconf 93' lang='lat' dir='ltr'>eo</span> 
     </span>
     <span class='ocr_line' id='line_1_18' title="bbox 72 2388 1152 2478; baseline 0 -21"><span class='ocrx_word' id='word_1_113' title='bbox 72 2391 224 2459; x_wconf 64' lang='lat' dir='ltr'>ridendi</span> <span class='ocrx_word' id='word_1_114' title='bbox 246 2398 321 2458; x_wconf 88' lang='lat' dir='ltr'>sunt</span> <span class='ocrx_word' id='word_1_115' title='bbox 343 2388 387 2456; x_wconf 88' lang='lat' dir='ltr'>G.</span> <span class='ocrx_word' id='word_1_116' title='bbox 403 2390 547 2478; x_wconf 89' lang='lat' dir='ltr'>Parthey</span> <span class='ocrx_word' id='word_1_117' title='bbox 571 2400 604 2456; x_wconf 88' lang='lat' dir='ltr'>et</span> <span class='ocrx_word' id='word_1_118' title='bbox 625 2390 675 2455; x_wconf 92' lang='lat' dir='ltr'>M.</span> <span class='ocrx_word' id='word_1_119' title='bbox 690 2388 812 2456; x_wconf 86' lang='lat' dir='ltr'>Pinder</span> <span class='ocrx_word' id='word_1_120' title='bbox 832 2390 853 2453; x_wconf 95' lang='lat' dir='ltr'>l.</span> <span class='ocrx_word' id='word_1_121' title='bbox 870 2411 898 2454; x_wconf 89' lang='lat' dir='ltr'>c.</span> <span class='ocrx_word' id='word_1_122' title='bbox 920 2412 995 2476; x_wconf 86' lang='lat' dir='ltr'>pag.</span> <span class='ocrx_word' id='word_1_123' title='bbox 1008 2391 1091 2456; x_wconf 92' lang='lat' dir='ltr'>XX.</span> <span class='ocrx_word' id='word_1_124' title='bbox 1104 2414 1152 2476; x_wconf 92' lang='lat' dir='ltr'>sq.</span> 
     </span>
     <span class='ocr_line' id='line_1_19' title="bbox 182 2493 1198 2580; baseline 0 -20"><span class='ocrx_word' id='word_1_125' title='bbox 182 2495 236 2561; x_wconf 92' lang='lat' dir='ltr'>De</span> <span class='ocrx_word' id='word_1_126' title='bbox 256 2494 320 2560; x_wconf 90' lang='lat' dir='ltr'>hoc</span> <span class='ocrx_word' id='word_1_127' title='bbox 342 2503 450 2560; x_wconf 89' lang='lat' dir='ltr'>autem</span> <span class='ocrx_word' id='word_1_128' title='bbox 471 2494 553 2561; x_wconf 92' lang='lat' dir='ltr'>libro</span> <span class='ocrx_word' id='word_1_129' title='bbox 572 2517 636 2580; x_wconf 89' lang='lat' dir='ltr'>quo</span> <span class='ocrx_word' id='word_1_130' title='bbox 651 2496 756 2560; x_wconf 89' lang='lat' dir='ltr'>minus</span> <span class='ocrx_word' id='word_1_131' title='bbox 771 2493 909 2579; x_wconf 86' lang='lat' dir='ltr'>amplius</span> <span class='ocrx_word' id='word_1_132' title='bbox 923 2493 1095 2578; x_wconf 89' lang='lat' dir='ltr'>quicquam</span> <span class='ocrx_word' id='word_1_133' title='bbox 1111 2517 1198 2560; x_wconf 92' lang='lat' dir='ltr'>com-</span> 
     </span>
     <span class='ocr_line' id='line_1_20' title="bbox 93 2596 1198 2688; baseline -0.002 -22"><span class='ocrx_word' id='word_1_134' title='bbox 93 2609 222 2688; x_wconf 83' lang='lat' dir='ltr'>pertum</span> <span class='ocrx_word' id='word_1_135' title='bbox 243 2598 409 2682; x_wconf 81' lang='lat' dir='ltr'>habemus,</span> <span class='ocrx_word' id='word_1_136' title='bbox 430 2621 469 2662; x_wconf 89' lang='lat' dir='ltr'>eo</span> <span class='ocrx_word' id='word_1_137' title='bbox 491 2598 595 2686; x_wconf 86' lang='lat' dir='ltr'>magis</span> <span class='ocrx_word' id='word_1_138' title='bbox 614 2597 799 2665; x_wconf 88' lang='lat' dir='ltr'>laetandum</span> <span class='ocrx_word' id='word_1_139' title='bbox 814 2605 873 2679; x_wconf 80' lang='lat' dir='ltr'>est,</span> <span class='ocrx_word' id='word_1_140' title='bbox 897 2596 985 2681; x_wconf 91' lang='lat' dir='ltr'>quod</span> <span class='ocrx_word' id='word_1_141' title='bbox 998 2619 1069 2660; x_wconf 89' lang='lat' dir='ltr'>eam</span> <span class='ocrx_word' id='word_1_142' title='bbox 1085 2597 1198 2664; x_wconf 87' lang='lat' dir='ltr'>saltem</span> 
     </span>
     <span class='ocr_line' id='line_1_21' title="bbox 94 2700 1198 2791; baseline 0 -22"><span class='ocrx_word' id='word_1_143' title='bbox 94 2713 220 2791; x_wconf 88' lang='lat' dir='ltr'>partem</span> <span class='ocrx_word' id='word_1_144' title='bbox 247 2703 406 2790; x_wconf 83' lang='lat' dir='ltr'>inspicere</span> <span class='ocrx_word' id='word_1_145' title='bbox 433 2702 527 2769; x_wconf 88' lang='lat' dir='ltr'>nobis</span> <span class='ocrx_word' id='word_1_146' title='bbox 556 2704 707 2790; x_wconf 84' lang='lat' dir='ltr'>contigit,</span> <span class='ocrx_word' id='word_1_147' title='bbox 743 2724 826 2787; x_wconf 93' lang='lat' dir='ltr'>quae</span> <span class='ocrx_word' id='word_1_148' title='bbox 854 2700 1083 2766; x_wconf 87' lang='lat' dir='ltr'>dimensionem</span> <span class='ocrx_word' id='word_1_149' title='bbox 1111 2702 1198 2769; x_wconf 90' lang='lat' dir='ltr'>orbis</span> 
     </span>
     <span class='ocr_line' id='line_1_22' title="bbox 95 2805 1198 2890; baseline -0.002 -17"><span class='ocrx_word' id='word_1_150' title='bbox 95 2816 129 2874; x_wconf 89' lang='lat' dir='ltr'>et</span> <span class='ocrx_word' id='word_1_151' title='bbox 151 2807 420 2873; x_wconf 82' lang='lat' dir='ltr'>enumerationem</span> <span class='ocrx_word' id='word_1_152' title='bbox 441 2807 594 2890; x_wconf 87' lang='lat' dir='ltr'>marium,</span> <span class='ocrx_word' id='word_1_153' title='bbox 622 2807 799 2873; x_wconf 88' lang='lat' dir='ltr'>insularum</span> <span class='ocrx_word' id='word_1_154' title='bbox 821 2814 883 2870; x_wconf 90' lang='lat' dir='ltr'>cet.</span> <span class='ocrx_word' id='word_1_155' title='bbox 907 2805 1058 2870; x_wconf 88' lang='lat' dir='ltr'>continet.</span> <span class='ocrx_word' id='word_1_156' title='bbox 1101 2805 1198 2871; x_wconf 89' lang='lat' dir='ltr'>Hanc</span> 
     </span>
    </p>
   </div>
   <div class='ocr_carea' id='block_1_7' title="bbox 1236 1136 1243 1173">
    <p class='ocr_par' dir='ltr' id='par_1_8' title="bbox 1236 1136 1243 1173">
     <span class='ocr_line' id='line_1_23' title="bbox 1236 1136 1243 1173; baseline 0 0"><span class='ocrx_word' id='word_1_157' title='bbox 1236 1136 1243 1173; x_wconf 85' lang='lat' dir='ltr'>l</span> 
     </span>
    </p>
   </div>
   <div class='ocr_carea' id='block_1_8' title="bbox 96 2907 1219 2995">
    <p class='ocr_par' dir='ltr' id='par_1_9' title="bbox 96 2907 1219 2995">
     <span class='ocr_line' id='line_1_24' title="bbox 96 2907 1219 2995; baseline -0.001 -19"><span class='ocrx_word' id='word_1_158' title='bbox 96 2911 181 2976; x_wconf 90' lang='lat' dir='ltr'>enim</span> <span class='ocrx_word' id='word_1_159' title='bbox 202 2919 327 2995; x_wconf 88' lang='lat' dir='ltr'>partem</span> <span class='ocrx_word' id='word_1_160' title='bbox 351 2933 391 2976; x_wconf 90' lang='lat' dir='ltr'>ex</span> <span class='ocrx_word' id='word_1_161' title='bbox 414 2910 536 2994; x_wconf 84' lang='lat' dir='ltr'>codice,</span> <span class='ocrx_word' id='word_1_162' title='bbox 558 2919 596 2976; x_wconf 93' lang='lat' dir='ltr'>ut</span> <span class='ocrx_word' id='word_1_163' title='bbox 617 2911 755 2994; x_wconf 85' lang='lat' dir='ltr'>videtur,</span> <span class='ocrx_word' id='word_1_164' title='bbox 778 2908 978 2978; x_wconf 89' lang='lat' dir='ltr'>Scorialeuse</span> <span class='ocrx_word' id='word_1_165' title='bbox 1001 2907 1077 2973; x_wconf 90' lang='lat' dir='ltr'>dum</span> <span class='ocrx_word' id='word_1_166' title='bbox 1101 2907 1219 2976; x_wconf 79' lang='lat' dir='ltr'>Oveti&#39;</span> 
     </span>
    </p>
   </div>
   <div class='ocr_carea' id='block_1_9' title="bbox 97 3004 1200 3410">
    <p class='ocr_par' dir='ltr' id='par_1_10' title="bbox 97 3004 1200 3410">
     <span class='ocr_line' id='line_1_25' title="bbox 97 3004 1200 3099; baseline -0.003 -18"><span class='ocrx_word' id='word_1_167' title='bbox 97 3004 320 3082; x_wconf 79' lang='lat' dir='ltr'>asservabatur</span> <span class='ocrx_word' id='word_1_168' title='bbox 342 3013 511 3099; x_wconf 87' lang='lat' dir='ltr'>exscripsit</span> <span class='ocrx_word' id='word_1_169' title='bbox 526 3010 760 3080; x_wconf 85' lang='lat' dir='ltr'>Chronicorum</span> <span class='ocrx_word' id='word_1_170' title='bbox 775 3011 985 3080; x_wconf 89' lang='lat' dir='ltr'>Ovetensium</span> <span class='ocrx_word' id='word_1_171' title='bbox 1000 3022 1123 3097; x_wconf 84' lang='lat' dir='ltr'>auctor,</span> <span class='ocrx_word' id='word_1_172' title='bbox 1144 3014 1200 3099; x_wconf 91' lang='lat' dir='ltr'>qui</span> 
     </span>
     <span class='ocr_line' id='line_1_26' title="bbox 97 3115 1199 3205; baseline 0.001 -25"><span class='ocrx_word' id='word_1_173' title='bbox 97 3139 127 3180; x_wconf 93' lang='lat' dir='ltr'>a.</span> <span class='ocrx_word' id='word_1_174' title='bbox 143 3117 219 3183; x_wconf 82' lang='lat'><strong>883.</strong></span> <span class='ocrx_word' id='word_1_175' title='bbox 243 3138 323 3200; x_wconf 90' lang='lat' dir='ltr'>opus</span> <span class='ocrx_word' id='word_1_176' title='bbox 345 3138 439 3180; x_wconf 92' lang='lat' dir='ltr'>suum</span> <span class='ocrx_word' id='word_1_177' title='bbox 461 3117 650 3200; x_wconf 88' lang='lat' dir='ltr'>composuit.</span> <span class='ocrx_word' id='word_1_178' title='bbox 687 3115 791 3202; x_wconf 84' lang='lat' dir='ltr'>Typis</span> <span class='ocrx_word' id='word_1_179' title='bbox 814 3126 921 3181; x_wconf 90' lang='lat' dir='ltr'>autem</span> <span class='ocrx_word' id='word_1_180' title='bbox 943 3141 1128 3205; x_wconf 88' lang='lat' dir='ltr'>expressum</span> <span class='ocrx_word' id='word_1_181' title='bbox 1150 3118 1199 3181; x_wconf 91' lang='lat' dir='ltr'>iu-</span> 
     </span>
     <span class='ocr_line' id='line_1_27' title="bbox 97 3216 1199 3306; baseline 0.002 -23"><span class='ocrx_word' id='word_1_182' title='bbox 97 3219 205 3284; x_wconf 90' lang='lat' dir='ltr'>venies</span> <span class='ocrx_word' id='word_1_183' title='bbox 234 3216 321 3305; x_wconf 87' lang='lat' dir='ltr'>apud</span> <span class='ocrx_word' id='word_1_184' title='bbox 349 3217 482 3301; x_wconf 81' lang='lat' dir='ltr'>Florez‚</span> <span class='ocrx_word' id='word_1_185' title='bbox 518 3217 651 3303; x_wconf 77' lang='lat' dir='ltr'>Esparia</span> <span class='ocrx_word' id='word_1_186' title='bbox 679 3217 842 3306; x_wconf 84' lang='lat' dir='ltr'>Sagrada,</span> <span class='ocrx_word' id='word_1_187' title='bbox 874 3218 1008 3285; x_wconf 86' lang='lat' dir='ltr'>Madrid</span> <span class='ocrx_word' id='word_1_188' title='bbox 1043 3223 1137 3293; x_wconf 82' lang='lat'><strong>1782.</strong></span> <span class='ocrx_word' id='word_1_189' title='bbox 1165 3223 1199 3286; x_wconf 92' lang='lat' dir='ltr'>in</span> 
     </span>
     <span class='ocr_line' id='line_1_28' title="bbox 98 3320 708 3410; baseline 0.002 -24"><span class='ocrx_word' id='word_1_190' title='bbox 98 3329 223 3407; x_wconf 85' lang='lat' dir='ltr'>quarto,</span> <span class='ocrx_word' id='word_1_191' title='bbox 245 3330 324 3386; x_wconf 88' lang='lat' dir='ltr'>torn.</span> <span class='ocrx_word' id='word_1_192' title='bbox 339 3320 440 3404; x_wconf 85' lang='lat' dir='ltr'>XIH,</span> <span class='ocrx_word' id='word_1_193' title='bbox 462 3343 537 3410; x_wconf 83' lang='lat' dir='ltr'>pag.</span> <span class='ocrx_word' id='word_1_194' title='bbox 553 3321 629 3390; x_wconf 81' lang='grc'><strong>433.</strong></span> <span class='ocrx_word' id='word_1_195' title='bbox 644 3323 708 3406; x_wconf 81' lang='lat'><strong>¹³⁵).</strong></span> 
     </span>
    </p>
   </div>
   <div class='ocr_carea' id='block_1_10' title="bbox 95 3448 1198 3776">
    <p class='ocr_par' dir='ltr' id='par_1_11' title="bbox 95 3448 1198 3776">
     <span class='ocr_line' id='line_1_29' title="bbox 117 3448 1198 3573; baseline 0.002 -21"><span class='ocrx_word' id='word_1_196' title='bbox 117 3448 120 3453; x_wconf 18' lang='grc' dir='ltr'>ι</span> <span class='ocrx_word' id='word_1_197' title='bbox 186 3486 218 3552; x_wconf 93' lang='grc'>2.</span> <span class='ocrx_word' id='word_1_198' title='bbox 253 3452 1198 3573; x_wconf 76' lang='lat' dir='ltr'>Cod.ParisiensisBiblioth.Nationsupplem.</span> 
     </span>
     <span class='ocr_line' id='line_1_30' title="bbox 95 3585 1198 3677; baseline 0.005 -23"><span class='ocrx_word' id='word_1_199' title='bbox 95 3587 230 3654; x_wconf 83' lang='lat' dir='ltr'>Latin.</span> <span class='ocrx_word' id='word_1_200' title='bbox 254 3587 328 3656; x_wconf 84' lang='grc'><strong>685.</strong></span> <span class='ocrx_word' id='word_1_201' title='bbox 357 3609 442 3653; x_wconf 85' lang='lat' dir='ltr'>saec.</span> <span class='ocrx_word' id='word_1_202' title='bbox 464 3585 528 3652; x_wconf 92' lang='lat' dir='ltr'>IX.</span> <span class='ocrx_word' id='word_1_203' title='bbox 556 3587 732 3654; x_wconf 89' lang='lat' dir='ltr'>membran.</span> <span class='ocrx_word' id='word_1_204' title='bbox 776 3587 866 3654; x_wconf 87' lang='lat' dir='ltr'>Inest</span> <span class='ocrx_word' id='word_1_205' title='bbox 886 3613 962 3677; x_wconf 86' lang='lat' dir='ltr'>pag.</span> <span class='ocrx_word' id='word_1_206' title='bbox 985 3591 1198 3662; x_wconf 81' lang='lat'>237-262:</span> 
     </span>
     <span class='ocr_line' id='line_1_31' title="bbox 97 3687 1198 3776; baseline 0.006 -21"><span class='ocrx_word' id='word_1_207' title='bbox 97 3688 310 3757; x_wconf 85' lang='lat' dir='ltr'><strong>ORONIOA</strong></span> <span class='ocrx_word' id='word_1_208' title='bbox 330 3689 450 3757; x_wconf 86' lang='lat' dir='ltr'>IVLII</span> <span class='ocrx_word' id='word_1_209' title='bbox 472 3687 666 3760; x_wconf 80' lang='lat' dir='ltr'><strong>CESARIS</strong></span> <span class='ocrx_word' id='word_1_210' title='bbox 682 3695 747 3775; x_wconf 71' lang='grc'>188).</span> <span class='ocrx_word' id='word_1_211' title='bbox 794 3692 897 3776; x_wconf 85' lang='lat' dir='ltr'>„Iulio</span> <span class='ocrx_word' id='word_1_212' title='bbox 921 3690 1060 3760; x_wconf 84' lang='lat' dir='ltr'>Caesare</span> <span class='ocrx_word' id='word_1_213' title='bbox 1082 3696 1198 3762; x_wconf 87' lang='lat' dir='ltr'>Marco</span> 
     </span>
    </p>
   </div>
   <div class='ocr_carea' id='block_1_11' title="bbox 96 3884 1199 4319">
    <p class='ocr_par' dir='ltr' id='par_1_12' title="bbox 96 3884 1199 4214">
     <span class='ocr_line' id='line_1_32' title="bbox 169 3884 1199 3956; baseline 0.004 -18"><span class='ocrx_word' id='word_1_214' title='bbox 169 3884 236 3950; x_wconf 82' lang='grc'><strong>135)</strong></span> <span class='ocrx_word' id='word_1_215' title='bbox 255 3889 360 3938; x_wconf 80' lang='lat' dir='ltr'>Fallitur</span> <span class='ocrx_word' id='word_1_216' title='bbox 383 3887 476 3939; x_wconf 82' lang='lat' dir='ltr'>Christ</span> <span class='ocrx_word' id='word_1_217' title='bbox 493 3889 626 3950; x_wconf 84' lang='lat' dir='ltr'>Peterson,</span> <span class='ocrx_word' id='word_1_218' title='bbox 649 3888 672 3938; x_wconf 91' lang='lat' dir='ltr'>si</span> <span class='ocrx_word' id='word_1_219' title='bbox 693 3904 751 3953; x_wconf 83' lang='lat' dir='ltr'>pag.</span> <span class='ocrx_word' id='word_1_220' title='bbox 771 3888 828 3940; x_wconf 84' lang='grc'><strong>171.</strong></span> <span class='ocrx_word' id='word_1_221' title='bbox 848 3906 871 3940; x_wconf 83' lang='lat' dir='ltr'>a</span> <span class='ocrx_word' id='word_1_222' title='bbox 889 3891 931 3941; x_wconf 87' lang='lat' dir='ltr'>fln.</span> <span class='ocrx_word' id='word_1_223' title='bbox 955 3894 1028 3943; x_wconf 87' lang='lat' dir='ltr'>dicit:</span> <span class='ocrx_word' id='word_1_224' title='bbox 1057 3893 1199 3956; x_wconf 79' lang='lat' dir='ltr'>fragmenta</span> 
     </span>
     <span class='ocr_line' id='line_1_33' title="bbox 96 3974 1197 4041; baseline 0.004 -16"><span class='ocrx_word' id='word_1_225' title='bbox 96 3982 195 4025; x_wconf 84' lang='lat' dir='ltr'>tantum</span> <span class='ocrx_word' id='word_1_226' title='bbox 212 3974 429 4038; x_wconf 79' lang='lat' dir='ltr'>Cosmcgraphiac</span> <span class='ocrx_word' id='word_1_227' title='bbox 451 3976 501 4025; x_wconf 87' lang='lat' dir='ltr'>hoc</span> <span class='ocrx_word' id='word_1_228' title='bbox 522 3975 587 4024; x_wconf 88' lang='lat' dir='ltr'>libro</span> <span class='ocrx_word' id='word_1_229' title='bbox 610 3975 746 4036; x_wconf 82' lang='lat' dir='ltr'>contineri,</span> <span class='ocrx_word' id='word_1_230' title='bbox 770 3979 838 4040; x_wconf 86' lang='lat' dir='ltr'>quod</span> <span class='ocrx_word' id='word_1_231' title='bbox 861 3987 929 4029; x_wconf 88' lang='grc'><strong>11111</strong></span> <span class='ocrx_word' id='word_1_232' title='bbox 949 3981 1020 4030; x_wconf 89' lang='lat' dir='ltr'>nullo</span> <span class='ocrx_word' id='word_1_233' title='bbox 1037 3981 1114 4028; x_wconf 87' lang='lat' dir='ltr'>modo</span> <span class='ocrx_word' id='word_1_234' title='bbox 1133 3994 1197 4041; x_wconf 86' lang='lat' dir='ltr'>qnos</span> 
     </span>
     <span class='ocr_line' id='line_1_34' title="bbox 97 4058 1197 4128; baseline 0.005 -18"><span class='ocrx_word' id='word_1_235' title='bbox 97 4062 140 4110; x_wconf 89' lang='lat' dir='ltr'>ille</span> <span class='ocrx_word' id='word_1_236' title='bbox 157 4062 252 4122; x_wconf 83' lang='lat' dir='ltr'>laudat,</span> <span class='ocrx_word' id='word_1_237' title='bbox 269 4076 327 4124; x_wconf 82' lang='lat' dir='ltr'>pag.</span> <span class='ocrx_word' id='word_1_238' title='bbox 339 4061 409 4110; x_wconf 89' lang='lat' dir='ltr'>XXI.</span> <span class='ocrx_word' id='word_1_239' title='bbox 422 4062 486 4122; x_wconf 80' lang='lat' dir='ltr'>init,</span> <span class='ocrx_word' id='word_1_240' title='bbox 503 4062 560 4111; x_wconf 87' lang='lat' dir='ltr'>VV.</span> <span class='ocrx_word' id='word_1_241' title='bbox 574 4060 623 4111; x_wconf 86' lang='lat' dir='ltr'>Cll.</span> <span class='ocrx_word' id='word_1_242' title='bbox 638 4058 709 4110; x_wconf 84' lang='lat' dir='ltr'>Gust.</span> <span class='ocrx_word' id='word_1_243' title='bbox 722 4062 832 4128; x_wconf 81' lang='lat' dir='ltr'>Parthey</span> <span class='ocrx_word' id='word_1_244' title='bbox 850 4073 876 4116; x_wconf 86' lang='grc'>11</span> <span class='ocrx_word' id='word_1_245' title='bbox 885 4067 986 4115; x_wconf 82' lang='lat' dir='ltr'>Maurit.</span> <span class='ocrx_word' id='word_1_246' title='bbox 1000 4065 1094 4114; x_wconf 85' lang='lat' dir='ltr'>Pinder</span> <span class='ocrx_word' id='word_1_247' title='bbox 1112 4065 1197 4116; x_wconf 83' lang='lat' dir='ltr'>edixe-</span> 
     </span>
     <span class='ocr_line' id='line_1_35' title="bbox 97 4146 1179 4214; baseline 0.006 -17"><span class='ocrx_word' id='word_1_248' title='bbox 97 4155 163 4198; x_wconf 79' lang='lat' dir='ltr'>runt.</span> <span class='ocrx_word' id='word_1_249' title='bbox 195 4146 259 4198; x_wconf 83' lang='lat' dir='ltr'>Cod.</span> <span class='ocrx_word' id='word_1_250' title='bbox 272 4146 437 4197; x_wconf 80' lang='lat' dir='ltr'>Scorialcnsis</span> <span class='ocrx_word' id='word_1_251' title='bbox 450 4147 678 4212; x_wconf 81' lang='lat' dir='ltr'>Cosmogrcphiam</span> <span class='ocrx_word' id='word_1_252' title='bbox 694 4147 752 4197; x_wconf 86' lang='lat' dir='ltr'>Iulii</span> <span class='ocrx_word' id='word_1_253' title='bbox 770 4149 876 4202; x_wconf 86' lang='lat' dir='ltr'>Honorii</span> <span class='ocrx_word' id='word_1_254' title='bbox 894 4154 1049 4214; x_wconf 85' lang='lat' dir='ltr'>integram</span> <span class='ocrx_word' id='word_1_255' title='bbox 1069 4152 1179 4203; x_wconf 83' lang='lat' dir='ltr'>exhibet.</span> 
     </span>
    </p>

    <p class='ocr_par' dir='ltr' id='par_1_13' title="bbox 125 4230 790 4319">
     <span class='ocr_line' id='line_1_36' title="bbox 125 4230 790 4319; baseline 0.008 -37"><span class='ocrx_word' id='word_1_256' title='bbox 125 4285 142 4319; x_wconf 41' lang='grc' dir='ltr'><strong>ο</strong></span> <span class='ocrx_word' id='word_1_257' title='bbox 170 4230 236 4293; x_wconf 83' lang='grc'><strong>136)</strong></span> <span class='ocrx_word' id='word_1_258' title='bbox 256 4233 300 4282; x_wconf 86' lang='lat' dir='ltr'>cfr.</span> <span class='ocrx_word' id='word_1_259' title='bbox 318 4233 460 4284; x_wconf 78' lang='lat' dir='ltr'>D&#39;Avsrae.</span> <span class='ocrx_word' id='word_1_260' title='bbox 480 4236 496 4284; x_wconf 91' lang='grc' dir='ltr'>Ι.</span> <span class='ocrx_word' id='word_1_261' title='bbox 509 4249 531 4286; x_wconf 87' lang='grc'>1.</span> <span class='ocrx_word' id='word_1_262' title='bbox 550 4248 607 4298; x_wconf 79' lang='lat' dir='ltr'>pag.</span> <span class='ocrx_word' id='word_1_263' title='bbox 622 4232 680 4285; x_wconf 81' lang='grc'><strong>306.</strong></span> <span class='ocrx_word' id='word_1_264' title='bbox 699 4244 752 4287; x_wconf 88' lang='lat' dir='ltr'>not.</span> <span class='ocrx_word' id='word_1_265' title='bbox 767 4236 790 4286; x_wconf 84' lang='lat'>1.</span> 
     </span>
    </p>
   </div>
   <div class='ocr_carea' id='block_1_12' title="bbox 1222 4284 1300 4544">
    <p class='ocr_par' dir='ltr' id='par_1_14' title="bbox 1183 4284 1300 4544">
     <span class='ocr_line' id='line_1_37' title="bbox 1222 4284 1300 4544; baseline 0 0"><span class='ocrx_word' id='word_1_266' title='bbox 1222 4284 1300 4544; x_wconf 80' lang='grc'>1</span> 
     </span>
    </p>
   </div>
   <div class='ocr_carea' id='block_1_13' title="bbox 0 0 1390 4844">
    <p class='ocr_par' dir='ltr' id='par_1_15' title="bbox 0 0 1390 4844">
     <span class='ocr_line' id='line_1_38' title="bbox 0 0 1390 4844; baseline 0 0"><span class='ocrx_word' id='word_1_267' title='bbox 0 0 1390 4844; x_wconf 95' lang='lat' dir='ltr'> </span> 
     </span>
    </p>
   </div>
  </div>
 </body>
</html>
