2752 4844
658 406 719 474 193

141 580 281 659 „tamina
309 586 342 643 et
368 587 492 665 strages
520 581 731 664 universaque
760 580 846 644 mala
880 590 1064 665 perpetrata
1099 584 1236 665 fuerunt,

140 683 290 769 „longum
311 689 360 746 est
379 682 490 762 inseri3
514 683 680 767 Romulus,
703 684 820 749 amissa
839 684 923 748 inter
945 684 1076 749 caedem
1096 687 1237 750 maxima

140 792 252 870 „parte
271 785 429 850 exercitus
451 788 510 869 sui,
539 795 646 852 tamen
670 809 742 851 cum
765 787 874 852 multis
895 789 1006 873 spoliis
1028 788 1078 852 vel
1101 789 1237 874 captivis

141 910 306 970 ,reversus
327 893 408 953 est“.
604 973 607 978 Ι
959 974 963 980 ἡ

228 991 329 1072 „Post
351 991 430 1056 haec
451 991 615 1058 Valeriam
644 994 832 1078 debellavit,
860 995 955 1060 urbes
982 994 1159 1058 maritimas
1184 1017 1236 1057 us-

141 1117 223 1179 „que
236 1094 351 1160 Italiae
372 1095 451 1160 fines
473 1097 568 1182 cepit,
593 1121 630 1162 ac
651 1107 743 1163 tenus
757 1097 928 1164 Mantuam
944 1097 1054 1164 urbem
1070 1095 1236 1179 accedenS,
1311 1099 1313 1104 ’

141 1198 236 1281 ,quia
262 1197 377 1263 Manto
399 1198 543 1265 Tiresiae
565 1201 647 1283 filia,
673 1210 748 1286 post
768 1204 932 1267 interitum
954 1201 1181 1267 Thebanorum
1203 1200 1237 1263 in

141 1301 288 1384 ,Italiam
316 1301 485 1386 comitata,
512 1303 545 1368 in
568 1303 707 1370 Venetia
735 1328 816 1390 quae
839 1303 948 1372 Gallia
970 1302 1136 1391 Cisalpina
1158 1301 1236 1366 dici-

141 1414 228 1487 „tur,
250 1405 333 1471 hanc
354 1406 466 1471 urbem
489 1407 522 1471 in
546 1408 765 1474 collectionem
787 1409 945 1475 incolatus
967 1409 1016 1474 sui
1039 1406 1234 1485 aedificavit3

140 1531 256 1593 „quam
284 1509 446 1594 praelatura
468 1510 624 1577 Romulus
652 1511 686 1576 vi
707 1510 831 1578 roboris
853 1507 906 1578 sui
924 1508 1237 1594 certando'capessit

140 1621 193 1694 „et
221 1611 404 1678 ventilando
433 1613 540 1678 diruit.
585 1605 771 1699 iterumque
793 1613 918 1680 Gallias
946 1613 1088 1679 edomuit
1108 1614 1142 1676 in
1164 1633 1236 1676 sua-

141 1736 222 1796 ,que
245 1715 365 1780 ditione
385 1715 571 1782 tributarias
592 1719 680 1801 fecit,
702 1719 851 1802 omnique
873 1717 996 1782 malitia
1018 1723 1238 1782 consummata

142 1836 260 1902 „regna
287 1837 326 1880 ac
353 1825 455 1882 terras
484 1822 638 1906 sanguine
660 1819 799 1884 humano
820 1821 956 1884 infectas
977 1821 1010 1883 in
1031 1827 1174 1900 tantum,
1200 1825 1237 1883 ut

141 1926 234 2003 ,post
260 1916 341 1982 haec
367 1921 520 2004 captivati
542 1921 749 2007 plurimorum
772 1922 977 2008 parvulorum
1005 1942 1043 1985 ac
1070 1921 1237 1984 mulierum

140 2021 331 2103 „multarum
354 2045 478 2109 quoque
498 2024 664 2111 regionum
685 2027 871 2112 ignorarent
886 2033 918 2088 et
933 2032 1035 2088 terras
1049 2032 1082 2088 et
1101 2023 1236 2110 linguas,

140 2135 193 2207 „et
213 2146 385 2209 numquam
407 2136 584 2193 remeantes
608 2129 741 2214 propria
762 2128 813 2192 vel
835 2127 1031 2214 propinquos
1052 2127 1235 2191 amiserunt.

139 2229 234 2314 „Ipse
256 2249 382 2313 quoque
403 2227 560 2297 Romulus
582 2241 656 2318 post
677 2240 727 2297 tot
747 2231 891 2296 facinora
913 2238 945 2294 et
967 2231 1032 2294 vim
1051 2238 1084 2294 et
1099 2229 1236 2294 animam

139 2332 357 2416 „iniquissime
377 2340 412 2398 et
431 2333 563 2421 indigne
584 2333 684 2418 ludit,
710 2335 761 2400 vel
783 2335 825 2399 ob
847 2334 945 2400 missa
966 2331 1078 2398 mundi
1098 2334 1237 2418 plurima

140 2435 243 2517 „bella
264 2435 316 2498 vel
337 2435 428 2501 clade
449 2430 635 2522 pestifera“.''

224 2537 277 2603 En
298 2559 418 2604 novum
439 2548 662 2628 argumentum
684 2563 748 2626 quo
763 2539 1051 2628 Cosmographiam
1072 2538 1142 2608 aS.
1158 2541 1237 2606 Hie-

136 2664 273 2729 ronymo
292 2643 480 2708 translatam
499 2643 598 2710 fuisse
621 2644 909 2730 comprobabimus.
956 2641 1048 2724 Quae
1070 2667 1168 2729 quum
1190 2644 1237 2708 ita

137 2748 215 2830 sint,
239 2745 386 2830 equidem
408 2753 558 2832 putamus
579 2771 639 2834 pro
661 2748 767 2815 verbis
789 2748 867 2814 illis:
901 2745 1086 2832 „Excerpta
1108 2769 1147 2812 ex
1170 2747 1237 2812 Eu-

136 2851 216 2917 sebii
237 2847 417 2932 Chronico,
444 2848 644 2939 Hieronymo
671 2853 866 2940 interprete“
897 2843 984 2936 apud
1004 2849 1236 2938 Fredegarium

136 2952 339 3020 scribendum
361 2973 431 3017 esse
448 2952 679 3039 „Excerpta
701 2977 747 3018 ex
764 2953 905 3018 Ethici
921 2951 1237 3039 Cosmographia

136 3058 383 3143 Hieronymo
411 3053 677 3141 interprete“,
705 3056 892 3142 praesertim
921 3076 1018 3140 quum
1047 3055 1237 3140 (quodiam

136 3183 233 3246 supra
254 3159 382 3243 saepius
404 3159 608 3243 exposuimus
620 3162 694 3244 ⁵²⁸),
722 3158 863 3224 nonnulli
888 3157 963 3223 Iulii
985 3155 1133 3222 Oratoris
1155 3157 1236 3225 Cos·

136 3262 345 3352 mugraphiae
365 3261 576 3347 manuscripti
598 3260 725 3328 codices
746 3261 875 3326 titulum
897 3259 1004 3326 libello
1024 3261 1110 3326 huuc
1124 3262 1237 3327 inscri-

136 3367 230 3432 bant:
262 3364 413 3450 „Incipit
429 3361 635 3429 Chronica
661 3365 735 3430 Iulii
765 3363 944 3429 Caesaris“.
992 3361 1101 3446 Quare
1130 3364 1172 3428 ad
1200 3363 1236 3432 S.

136 3469 387 3556 Hieronymum,
414 3454 464 3532 vel
486 3467 594 3553 potius
617 3468 659 3532 ad
680 3468 833 3534 Ethicum
860 3465 1104 3553 philosophum,
1128 3490 1237 3534 omnes

138 3571 213 3634 illae
237 3571 278 3635 de
305 3570 427 3658 origine
444 3569 653 3637 ¹'Francorum
687 3570 814 3637 fabulae
843 3578 1007 3636 auctorem
1035 3570 1236 3637 reducendae

137 3679 227 3753 sunt,
255 3693 358 3756 neque
384 3675 449 3739 ullo
478 3675 573 3739 modo
602 3674 690 3740 hisce
718 3675 928 3740 obversantur
957 3694 1038 3757 quae
1065 3672 1107 3737 ad
1129 3674 1236 3739 locum

135 3774 326 3862 Fredegarii
347 3798 422 3864 pag.
438 3779 513 3844 2161.
536 3777 686 3861 Bouquet
708 3776 884 3858 adnotavit,
907 3777 962 3859 qui
984 3777 1145 3862 exscripta
1168 3799 1236 3843 esse

136 3879 235 3944 verba
262 3887 355 3964 putat
384 3902 423 3944 ex
445 3881 576 3944 Daretis
598 3879 733 3966 Phrygii
760 3879 893 3943 historia
922 3878 962 3942 dc
989 3879 1112 3967 origine
1133 3880 1236 3945 Fran·

104 4044 106 4048 ⁴
136 4007 255 4048 corum.
301 3981 389 4046 Nam
411 4005 508 4070 supra
530 3978 684 4066 diximus,
714 4005 821 4047 omnes
850 3981 943 4047 huius
966 3983 1091 4070 generis
1112 3982 1238 4048 fabulas

206 4212 275 4273 528)
294 4229 351 4277 pag.
365 4213 408 4274 aa,
428 4212 470 4279 ar,
490 4215 531 4268 aa
551 4216 592 4267 aa.

995 4299 1034 4365 13
