2752 4844
610 423 611 426 =
727 379 789 448 182

207 554 329 620 thicum
359 556 551 622 constituere
579 555 675 620 vellet
702 553 853 636 Wulfila,
892 576 946 620 eos
981 555 1161 619 litterarum
1197 552 1311 618 ductus

209 682 290 745 quos
311 659 357 723 ibi
379 659 513 724 omissos
535 680 604 724 csse
627 657 760 723 sentiret
783 681 823 723 ex
844 659 970 745 graecis
991 665 1025 723 et
1045 657 1153 722 latinis
1176 657 1311 721 elemen-

208 761 251 827 tis
273 761 409 847 sumpsit
420 762 487 845 ⁴⁹⁷).

296 866 422 930 Horum
444 863 543 951 igitur
565 864 739 930 similitudo
754 865 957 933 chrovium
978 886 1054 930 sane
1077 861 1234 949 impedire
1256 884 1312 948 po-

210 977 304 1051 terat,
327 968 495 1053 quominus
517 965 972 1054 alphabetum-Glagoliticum
995 965 1223 1057 compendium
1244 986 1312 1031 esse

211 1070 379 1158 Cyrilliani
408 1070 562 1136 scriberet
574 1073 647 1154 498);
675 1072 727 1137 cui
755 1072 818 1136 aha
847 1071 887 1137 de
917 1079 1021 1136 aetate
1044 1067 1312 1157 Glagoliticarum

208 1176 388 1240 litterarum
415 1174 599 1240 testimonia
627 1174 653 1239 si
681 1177 787 1239 minus
816 1176 912 1240 etiam
940 1174 1174 1261 suppetissent‚
1206 1182 1312 1237 tamen

210 1278 412 1344 statuendam
439 1286 508 1342 erat
536 1278 643 1364 apices
667 1274 838 1364 Cyrillicos
866 1303 906 1343 ex
930 1275 1134 1364 Glagohticis
1164 1276 1312 1362 desump-

209 1392 276 1465 tos,
306 1383 398 1447 novis
423 1379 558 1446 subinde
580 1380 691 1446 formis
713 1390 826 1448 anctos
848 1383 945 1448 fuisse
967 1405 987 1445 a
1010 1378 1224 1447 Constantino
1247 1403 1312 1444 mo·

209 1485 312 1550 nacho
335 1509 429 1570 quem
453 1494 485 1551 et
500 1482 657 1570 Cyrillum
680 1484 799 1551 dicunt
838 1484 910 1551 Nos
932 1508 1009 1551 vero
1031 1483 1072 1548 de
1093 1484 1155 1549 hac
1176 1507 1214 1551 re
1236 1482 1313 1549 nihil

211 1587 437 1653 dubitabimus.
473 1585 582 1668 Quum
606 1589 688 1652 enim
710 1587 882 1673 alphabeta
904 1588 958 1651 illa
974 1596 1065 1653 tanta
1079 1587 1313 1654 necessitudine

209 1692 379 1756 coniuncta
400 1691 475 1772 sint,
496 1699 533 1755 ut
554 1691 690 1755 alterum
712 1690 837 1756 nonnisi
860 1699 965 1756 ortum
989 1713 1058 1757 esse
1080 1691 1184 1776 possit
1206 1714 1248 1757 ex
1267 1690 1312 1755 al-

208 1804 279 1859 tero
305 1830 349 1841 -
379 1801 506 1866 constat
533 1801 639 1858 autem
669 1791 871 1880 Glagolizam
901 1797 975 1879 520.
1012 1796 1078 1860 fere
1109 1817 1211 1860 annos
1240 1802 1313 1860 ante

211 1894 397 1984 Cyrillizam
419 1920 488 1962 esse
511 1896 674 1963 conditam
698 1893 739 1945 ’-
765 1897 922 1964 Sanctum
945 1896 1102 1983 Cyrillum
1126 1921 1166 1963 ex
1190 1896 1313 1986 Glago·

208 2001 272 2066 liza
292 2002 416 2077 litteras
439 2001 652 2086 desumpsisse
676 2000 915 2067 concedendum
938 2002 1006 2066 erit

297 2108 329 2174 2.
381 2102 533 2170 Ceterum
566 2104 733 2189 probabile
767 2113 831 2187 est,
868 2105 967 2170 immo
996 2105 1103 2188 potius
1131 2105 1313 2187 verisimile,

156 2235 159 2239 ·
208 2208 361 2273 Ethicum
383 2208 439 2293 ubi
460 2208 631 2292 populares
653 2229 728 2273 suos
743 2208 855 2293 primis
869 2207 1065 2274 condonaret
1081 2207 1209 2289 litteris,
1228 2207 1315 2293 quod

210 2313 291 2377 solet
319 2312 385 2376 fere
412 2310 446 2373 in
475 2309 623 2376 humanis
645 2311 741 2377 rebus
762 2310 847 2393 fieri,
875 2332 939 2375 non
960 2312 1008 2375 ita
1029 2310 1237 2396 alphabetum
1259 2311 1313 2376 ab·

210 2414 357 2496 solvisse,
380 2422 416 2477 ut
438 2413 531 2507 ineo
554 2414 633 2492 nihil
656 2413 817 2481 emendari
839 2436 933 2500 posse
956 2413 1101 2479 crederet
1122 2438 1143 2481 a
1160 2415 1313 2499 'posteris

209 2517 340 2583 Etenim
370 2516 638 2601 quemadmodum
668 2518 702 2582 in
729 2519 837 2604 legum
863 2517 1094 2583 constituendis
1115 2517 1206 2584 libris
1228 2519 1313 2584 nullo

208 2620 305 2687 modo
327 2620 465 2686 vidimus
485 2621 521 2686 id
541 2645 636 2706 posse
659 2623 759 2705 effici,
786 2631 824 2686 ut
851 2621 952 2686 futuri
974 2643 1067 2712 caseis
1090 2621 1144 2705 qui
1165 2622 1314 2688 accidere

208 2733 344 2811 possunt
366 2747 475 2790 omnes
498 2725 705 2791 definiantur:
729 2727 776 2790 sic
798 2725 832 2789 in
855 2723 1030 2791 condendis
1049 2725 1313 2809 quoquelittera-

208 2850 278 2892 rum
293 2827 405 2912 primis
426 2827 614 2892 rudimentis
637 2830 744 2894 omnia
766 2829 890 2894 absolvi
904 2836 1075 2912 nequeunt.
1110 2826 1221 2909 Quare
1237 2829 1313 2894 siin

209 2929 380 3015 alphabeto
403 2921 513 2997 Ethici
540 2931 707 2996 nonnullos
736 2954 836 3001 sonos*
858 2933 985 3018 linguae
1008 2932 1157 3015 proprios
1179 2931 1313 3000 Sclave-

208 3035 300 3098 nicae
321 3033 549 3117 desideramus,
571 3058 636 3099 non
654 3034 729 3099 inde
745 3035 888 3126 sequitur
903 3058 922 3098 a
938 3031 1135 3120 Glagolitico
1150 3033 1313 3101 diversum

209 3161 294 3204 esse:
329 3137 409 3202 illud
436 3138 543 3221 potius
573 3138 826 3203 concludendum
856 3139 931 3219 erit,
964 3160 1001 3203 eo
1030 3138 1152 3203 factum
1180 3161 1252 3206 esse
1279 3148 1314 3205 ut

210 3240 320 3308 Sclavi
342 3241 433 3305 novis
454 3240 569 3306 litteris
592 3242 782 3329 excogitatis
805 3239 1009 3326 alphabetum
1023 3240 1134 3307 Ethici
1148 3243 1314 3328 explerent

209 3354 305 3428 atque
327 3342 540 3410 emendarent.

295 3445 412 3530 Neque
441 3470 516 3512 vero
545 3457 658 3534 gentes
686 3448 759 3512 illae
787 3447 865 3510 talia
891 3470 955 3510 non
984 3456 1117 3515 conatae
1143 3455 1218 3512 snnt
1240 3471 1313 3534 per-

207 3551 312 3615 ficere.
357 3547 456 3615 Nulla
485 3552 569 3615 enim
598 3551 661 3615 alia
690 3573 730 3614 ex
759 3570 856 3614 causa
884 3557 940 3614 aut
963 3547 1134 3637 Glagoliza
1162 3559 1236 3617 orta
1265 3561 1314 3619 est

208 3661 264 3718 aut
284 3654 381 3740 longo
404 3654 508 3739 spatio
531 3653 699 3719 interiecto
722 3649 886 3737 Cyrilliza.
921 3650 977 3719 Sic
1000 3652 1126 3719 demum
1149 3654 1314 3740 explican-

208 3866 284 3913 quam
305 3853 406 3901 nonnisi
428 3857 488 3914 post
509 3849 655 3897 Britanniae
680 3849 838 3898 obsidionem
856 3851 983 3899 inventam
1001 3849 1080 3899 fuisse
1099 3851 1173 3900 dccet
1190 3853 1315 3905 Wilhelm

208 3936 305 3987 Grimm
323 3938 425 3996 „Ueber
443 3935 482 3983 die
502 3934 640 3982 deutschen
658 3931 766 3982 Runcn“
784 3950 841 3998 pag.
855 3934 915 3984 240.
930 3950 966 3997 sq.

277 4020 344 4082 497)
364 4022 409 4070 cfr.
428 4019 565 4068 Kirchhcff
580 4020 641 4077 „das
662 4019 801 4069 Gothische
819 4018 1077 4083 Runenanlpnabed
1096 4023 1137 4070 in:
1161 4022 1314 4087 Programm

207 4111 251 4159 des
267 4105 533 4160 Ioachimsthal’schen
554 4104 741 4168 Gymnasiums.
772 4107 861 4157 Berlin
882 4105 957 4156 1851.
986 4101 1029 4155 4⁰.
1058 4122 1116 4170 pag.
1131 4105 1172 4157 36.

276 4189 343 4253 498)
362 4192 408 4243 cfr.
427 4191 595 4254 Dobrowsky,
613 4192 734 4242 Institutt.
753 4193 814 4254 ling.
833 4191 923 4243 Slavic.
943 4190 964 4250 §.
979 4192 1011 4241 V.
1029 4208 1089 4255 pag.
1102 4192 1127 4240 5.
