2752 4844
656 390 716 458 187

137 565 179 630 ad
207 587 267 632 nos
296 565 439 631 diversae
468 565 666 631 narrationes
694 571 914 651 pervenenmt.
966 562 1096 630 Etenim
1119 560 1236 630 Widu·

136 670 271 752 kin'dus,
301 669 419 735 saeculi
441 667 486 734 X.
516 669 654 754 scriptor
666 671 721 753 ⁵⁰⁸)
751 668 785 735 in
813 668 916 754 primo
944 676 1237 754 rerumgestarum

137 773 368 841 saxonicarum
389 771 483 856 libro,
506 774 612 858 eapite
635 772 785 857 secundo,
807 771 888 838 haec
909 772 1059 860 protulit:

156 958 158 963 y
225 876 331 961 „Nam
355 898 451 962 super
472 877 533 943 hac
553 901 588 944 re
610 877 700 942 varia
720 876 827 962 opinio
843 884 902 959 est,
924 876 995 941 aliis
1010 870 1237 939 arbitrantibus

136 982 176 1046 de
188 980 292 1046 Danis
303 978 598 1066 Northmannisque
614 980 769 1067 originem
783 979 912 1047 duxisse
927 978 1082 1059 Saxones,
1097 975 1167 1039 aliis
1183 994 1238 1043 au·

136 1093 200 1150 tem
224 1084 482 1168 aestimantibus,
510 1092 547 1148 ut
575 1084 644 1170 ipse
673 1082 926 1148 adolescentulus
949 1079 1057 1146 audivi
1079 1076 1238 1162 quendam

135 1187 391 1274 praedicantem,
415 1187 455 1252 de
478 1186 631 1269 Graecis,
658 1186 734 1271 quia
754 1187 817 1271 ipsi
840 1185 998 1266 dicerem,
1022 1180 1167 1249 Saxones
1189 1205 1238 1246 re·

135 1291 249 1375 liquias
268 1290 365 1355 fuisse
383 1289 589 1357 Macedonici
610 1290 779 1373 exercitus,
800 1290 854 1374 qui
876 1297 1004 1355 secutus
1019 1284 1238 1351 Alexandrum

136 1395 305 1460 immatura
327 1401 430 1459 morte
451 1394 553 1480 ipsius
574 1417 632 1480 per
654 1401 758 1459 totum
780 1394 890 1459 orbem
913 1391 955 1458 sit
978 1390 1170 1475 dispersus“.
1212 1406 1215 1417 ·

224 1496 461 1564 Widukindum
486 1499 655 1583 exscripsit
674 1496 890 1563 Ekkehardus
912 1491 1140 1580 Uraugiensis,
1170 1515 1239 1562 sae·

136 1600 200 1666 culi
225 1599 307 1665 XII.
335 1600 473 1667 ineuntis
503 1600 641 1684 scriptor
669 1599 891 1666 celeberrimus
908 1600 980 1680 519).
1035 1594 1239 1662 Hunibaldus

136 1711 244 1770 autem
266 1703 399 1769 fictitius
422 1713 543 1786 auctor,
566 1726 661 1787 quem
683 1703 742 1770 sub
766 1700 952 1769 Ohlodoveo
976 1724 1004 1766 a.
1023 1700 1097 1766 500.
1122 1699 1240 1766 vixisse

137 1805 249 1870 scribit
270 1805 407 1872 Ioannes
429 1801 625 1873 Tritlismius
638 1809 705 1889 ⁵¹⁰),
728 1805 872 1873 Francos
895 1808 975 1872 dicit
995 1804 1093 1869 missa
1115 1804 1157 1871 ad
1180 1803 1240 1871 Sa·

136 1930 236 1974 xones
251 1909 411 1995 legatione
427 1931 491 1989 ,eo
515 1907 620 1992 quod
643 1909 784 1994 stipsi
807 1932 853 1974 ex
868 1909 1061 1976 Troianis
1084 1912 1241 1977 descen·

138 2011 334 2093 dissent“,
357 2010 448 2078 sedes
472 2011 512 2077 ab
534 2011 575 2077 iis
597 2012 632 2077 in
652 2010 768 2078 finibus
791 2010 951 2079 Saxoniae
973 2013 1015 2079 ad
1038 2016 1121 2081 ostia
1135 2010 1241 2079 Rheni

137 2115 225 2182 facili
246 2114 478 2201 supplicatione
500 2113 698 2200 impetrasse.

224 2219 296 2286 Iam
317 2240 394 2283 vero
415 2216 616 2282 Francorum
646 2239 772 2303 quoque
793 2227 921 2306 gentem
944 2228 1072 2287 vetusta
1092 2222 1180 2287 fama
1201 2205 1249 2286 ex

138 2324 238 2389 Troia
258 2321 337 2388 urbe
361 2320 476 2387 exiisse
498 2320 711 2388 ostendamus.

643 2505 673 2588 §-
703 2505 733 2570 2.

139 2649 301 2702 FABVLAE
320 2650 368 2699 Dll
386 2648 528 2700 ORIGINF
548 2648 672 2699 sunus
688 2648 906 2700 FBANOORVM
918 2652 1013 2702 VNDE
1028 2653 1242 2705 POTISSIMVM

516 2733 633 2785 ORTAE
652 2735 864 2789 VIDEANTVR.

226 2851 425 2916 Francorum
453 2858 581 2936 gentem
609 2873 650 2915 ex
679 2850 826 2917 Troianis
860 2851 1062 2920 descendisse
1097 2855 1152 2938 iis,
1187 2857 1242 2940 qui

139 2964 213 3040 post
241 2953 436 3019 eversionem
463 2953 553 3017 urbis
581 2953 623 3020 ad
651 2956 734 3019 ostia
761 2954 849 3019 fluvii
872 2955 992 3021 Tanais
1014 2958 1150 3042 profecti
1174 2981 1244 3026 esse

140 3055 362 3138 credebantur,
386 3078 405 3120 a
419 3056 527 3120 multis
542 3055 639 3121 medii
654 3057 725 3121 aevi
740 3057 950 3142 scriptoribus
963 3069 1119 3126 narratur.
1149 3059 1241 3143 Quo·

139 3183 228 3242 rum,
260 3159 287 3224 si
315 3158 469 3224 Ioannem
491 3158 703 3224 Trithemium
716 3161 786 3240 ΜΙ)Ι
801 3162 979 3245 sequimur,
1007 3163 1102 3250 longe
1123 3166 1244 3251 primus

139 3261 414 3346 fuitWastaldns,
437 3285 477 3328 ex
499 3284 563 3347 quo
578 3261 798 3328 Huuibaldum
821 3285 879 3328 sua
901 3263 1135 3352 deprompsisse
1156 3269 1243 3334 idem

141 3368 229 3434 dicit.
290 3366 446 3454 Legimus
480 3365 564 3430 enim
599 3367 633 3431 in
669 3366 800 3432 laudato
829 3364 1052 3456 Hirsaugiensi
1081 3368 1243 3437 Chronico

141 3494 214 3559 pag.
230 3472 288 3539 22:

161 3610 340 3624 met—u—-u-
1100 3612 1114 3642 ο

176 3671 178 3677 ’
214 3685 284 3749 008)
303 3691 347 3740 cfr.
370 3693 457 3750 Perta,
480 3691 646 3741 Monumenta
669 3690 820 3742 Germaniae
843 3673 983 3755 Hiswrtoa,
1007 3694 1097 3757 Sortpt.
1120 3701 1181 3744 tom.
1199 3694 1244 3755 111,

145 3791 202 3839 pag.
216 3772 275 3825 417.
289 3791 326 3839 sq.

215 3856 286 3922 509)
305 3861 350 3911 cfr.
373 3863 540 3915 Monumenta
565 3861 715 3913 Germaniae
740 3871 787 3913 etc.
833 3863 924 3928 script.
948 3872 1009 3915 tom.
1031 3867 1079 3929 VI,
1106 3881 1164 3931 pag.
1185 3865 1244 3917 176.

144 3964 206 3997 vers.
227 3945 269 3996 20.

215 4029 283 4094 510)
303 4033 348 4082 cfr.
366 4034 421 4083 Ich.
434 4035 565 4085 Trithemii
580 4034 786 4098 Spanhcimcnsis
798 4036 911 4086 Annales
931 4038 1131 4101 Hirsaugionsos,
1151 4036 1243 4088 2v011.

144 4122 169 4170 S.
185 4120 250 4172 Galli
270 4117 346 4170 1690.
369 4118 414 4170 1ο1.
437 4121 480 4171 nbi
498 4122 553 4171 vido
571 4128 631 4172 torn.
644 4122 676 4182 11,
696 4136 753 4185 pag.
766 4119 809 4172 23.

216 4204 283 4265 stt)
303 4205 319 4254 1.
334 4222 355 4254 c.
374 4213 436 4256 tom.
449 4207 482 4268 11,
500 4222 557 4271 pag.
571 4206 613 4259 22.
626 4208 680 4258 init.
