2752 4844
731 390 793 456 142

211 565 276 628 iam
297 565 441 651 legentes
463 563 495 627 in
520 564 644 646 „lacum
666 563 796 630 ruinae“
821 563 986 649 deiecisse,
1008 565 1043 631 id
1065 564 1153 650 quod
1166 565 1229 634 sibi
1245 589 1319 654 per·

211 667 379 733 molestum
401 688 471 733 esse
494 667 650 735 adfirmat.

299 769 371 835 Iam
397 792 475 836 uero
502 772 574 857 quis
600 770 772 838 contendet
792 771 871 836 talia
894 769 929 840 S.
951 769 1169 860 Hieronymo,
1198 795 1318 863 magno

211 873 266 939 illo
287 873 453 940 Ecclesiae
476 872 619 958 doctore,
640 873 775 962 indigna
796 872 916 939 videri:
945 871 1069 939 scillcet
1090 882 1128 939 ut
1149 873 1317 942 hominum

211 976 371 1043 erroribus
399 977 517 1043 auxilio
547 979 687 1062 venerit,
717 977 906 1063 praesertim
934 977 1011 1060 quia
1039 998 1074 1044 se
1102 978 1209 1064 ipsum
1239 978 1318 1044 ecri-

211 1080 321 1164 bit³²⁴)
338 1080 472 1147 eandem
494 1080 537 1146 ob
558 1103 688 1148 causam
711 1079 882 1165 aliquando
903 1102 1005 1168 prope
1019 1079 1181 1166 perditum
1195 1081 1317 1149 luisse?

211 1183 309 1268 Quod
338 1187 366 1251 si
393 1183 596 1268 conceditur,
624 1183 703 1250 nihil
730 1185 875 1271 profecto
897 1183 1027 1250 obvium
1050 1194 1114 1269 est,
1144 1187 1317 1272 quominus

209 1288 361 1355 librorum
390 1289 678 1376 manuscriptorum
706 1287 930 1354 auctoritatem
957 1288 1147 1374 consequuti
1178 1286 1315 1357 Cosmo·

211 1391 365 1481 graphiae
386 1392 610 1459 translatorem
633 1392 778 1458 extitisse
799 1391 1030 1458 contendamus
1046 1390 1293 1480 Hieronymum.

719 1582 749 1665 s.
772 1582 803 1650 2.

256 1728 375 1781 ll'l'llIOl
394 1726 699 1780 COSMOGRAPHIAM
717 1726 742 1776 A
760 1725 787 1776 S.
807 1725 1013 1778 HIERONYMO
1032 1726 1274 1779 marshami

716 1811 806 1863 ESSE.

298 1932 475 2017 Hucusque
504 1939 691 2019 argumenta
719 1951 758 1995 ea
786 1931 1007 2016 exposuimus,
1036 1953 1118 2015 quae
1141 1941 1257 1998 contra
1279 1930 1312 2000 S.

208 2037 442 2123 Hieronymum
459 2031 732 2121 Cosmographiae
753 2030 866 2098 Ethici
887 2034 1094 2121 interpretem
1109 2057 1129 2100 a
1142 2035 1221 2101 viris
1237 2033 1314 2101 doc·

211 2142 253 2206 tis
282 2141 502 2225 profenmtur3
532 2160 630 2223 quare
656 2157 741 2201 nuuc
770 2135 814 2202 ad
841 2159 880 2202 ea
908 2136 1116 2222 accedamus,
1144 2160 1230 2223 quae
1254 2160 1314 2225 pro

209 2245 264 2311 illo
286 2243 449 2310 dimicant.

295 2348 323 2412 I.
361 2347 407 2412 Et
427 2345 564 2434 primurn
587 2341 714 2427 quidem
730 2339 1085 2432 cosmographiam
1107 2368 1128 2410 a
1143 2342 1312 2412 Olerico

208 2451 450 2517 translatam
471 2458 559 2513 esse
580 2445 689 2512 multis
711 2447 790 2513 locis
813 2446 1048 2535 comprobatur.
1083 2446 1206 2516 Scribit
1228 2450 1312 2516 enim

208 2556 364 2642 interpres
378 2552 431 2617 ille
444 2573 477 2637 p.
486 2551 635 2637 leopos
647 2550 747 2616 med:
767 2573 870 2635 ,quae
884 2550 977 2618 nohis
993 2551 1131 2618 scribere
1142 2552 1311 2641 vellegere

209 2682 273 2725 non
295 2666 344 2725 est
366 2654 503 2741 amphus
524 2675 667 2735 necesse3
698 2677 797 2739 quae
818 2675 891 2720 nos
912 2654 953 2719 in
974 2656 1129 2722 nostris
1150 2656 1312 2724 codici·

208 2763 281 2828 bus
303 2758 675 2841 commentavimus,
697 2758 736 2822 in
754 2756 961 2824 breviario
983 2759 1147 2826 scilicet
1169 2769 1313 2831 contra

208 2862 441 2931 haereticos
469 2860 730 2928 detractores
764 2863 865 2927 male
900 2861 1138 2928 latrantes“.
1191 2861 1312 2930 Confer

207 2990 282 3056 pag.
298 2966 359 3033 491
379 2972 459 3031 extr.
475 2986 562 3050 sqq:
588 2963 847 3050 ,Hircanumque
869 2973 902 3030 et
917 2954 1154 3032 ‘Macedonium
1255 2967 1310 3053 qui

208 3070 404 3156 scripserunt
431 3069 581 3135 nonnulla
608 3067 732 3135 inutilia
759 3076 793 3135 et
817 3068 950 3152 nociva,
978 3091 1059 3154 quae
1081 3077 1231 3156 mergunt
1254 3069 1311 3137 ho·

207 3173 325 3240 minem
347 3173 381 3238 in
402 3172 565 3239 interitum
588 3181 620 3240 et
642 3170 863 3257 perditionem.
901 3169 999 3239 Unde
1016 3170 1057 3240 ad
1073 3172 1310 3261 memetipsum

208 3278 326 3344 refero:
350 3277 434 3363 quia,
456 3276 518 3343 nisi
540 3275 700 3343 Dominus
729 3273 905 3342 adiuvisset
931 3299 1000 3362 mo,
1028 3275 1231 3363 paulominus
1252 3275 1311 3345 hu·

207 3381 342 3447 bitasset
355 3381 389 3446 in
403 3380 525 3447 inferno
541 3379 647 3445 anima
660 3382 763 3444 mea“.
795 3377 922 3445 Deinde
936 3405 968 3468 p.
981 3382 1058 3464 495,
1069 3404 1100 3446 v.
1114 3380 1170 3448 13:
1189 3402 1310 3465 „quam

207 3484 260 3549 ille
272 3483 478 3571 Tetraginam
501 3483 708 3569 nuncupavit,
732 3491 765 3546 et
784 3483 886 3548 multa
908 3507 1052 3569 quaeque
1073 3481 1241 3549 horribilia
1262 3483 1310 3548 in·

208 3587 334 3672 quiens3
357 3587 442 3653 uude
464 3607 546 3671 quae
568 3586 624 3651 vix
645 3585 872 3673 secerpsimus,
894 3588 1078 3677 recipere
1100 3574 1311 3673 complura

207 3700 357 3758 temere
380 3689 550 3756 dicimus
567 3685 818 3756 Christianis
839 3691 1069 3760 fidelibus“.
1100 3688 1188 3756 Vide
1210 3691 1309 3756 etiam

207 3819 238 3882 p.
251 3797 327 3881 499,
338 3819 369 3860 v.
386 3794 442 3862 19:
468 3791 596 3877 ,Deum
610 3793 771 3875 viventem
785 3795 898 3862 bifarie
921 3795 1039 3893 colunt.
1070 3792 1163 3860 Haec
1178 3791 1311 3860 demen-

206 3963 404 3975 ——--

277 4059 344 4123 324)
368 4063 394 4112 in
416 4062 531 4126 Epistola
552 4062 584 4112 ad
603 4063 776 4115 Eustochium.
812 4062 857 4113 cfr.
878 4060 1027 4126 Hieronymi
1046 4030 1131 4125 Opera
1149 4059 1189 4108 ed
1207 4058 1310 4109 Vallat-

206 4151 271 4209 sius,
292 4156 353 4199 torn.
360 4149 384 4205 ,1.
407 4149 540 4213 epistolam
560 4149 647 4212 XXII,
668 4147 908 4214 pag.11³.h.sqq.
931 4156 956 4199 et
976 4148 1059 4200 Ethici
1078 4145 1309 4211 Cosmographiarn

205 4249 262 4298 pag.
274 4233 322 4285 ool
343 4240 401 4286 ante
419 4234 504 4286 finem.
1127 4244 1130 4249 ·
