<?xml version="1.0" encoding="UTF-8"?>
<!DOCTYPE html PUBLIC "-//W3C//DTD XHTML 1.0 Transitional//EN"
    "http://www.w3.org/TR/xhtml1/DTD/xhtml1-transitional.dtd">
<html xmlns="http://www.w3.org/1999/xhtml" xml:lang="en" lang="en">
 <head>
  <title>
</title>
<meta http-equiv="Content-Type" content="text/html;charset=utf-8" />
  <meta name='ocr-system' content='tesseract 3.04.00' />
  <meta name='ocr-capabilities' content='ocr_page ocr_carea ocr_par ocr_line ocrx_word'/>
</head>
<body>
  <div class='ocr_page' id='page_1' title='image "./decosmographiae00pertgoog_0139.png"; bbox 0 0 2752 4844; ppageno 0'>
   <div class='ocr_carea' id='block_1_1' title="bbox 715 418 778 487">
    <p class='ocr_par' dir='ltr' id='par_1_1' title="bbox 715 418 778 487">
     <span class='ocr_line' id='line_1_1' title="bbox 715 418 778 487; baseline 0.032 -2"><span class='ocrx_word' id='word_1_1' title='bbox 715 418 778 487; x_wconf 85' lang='grc'><strong>138</strong></span> 
     </span>
    </p>
   </div>
   <div class='ocr_carea' id='block_1_2' title="bbox 192 590 1326 3065">
    <p class='ocr_par' dir='ltr' id='par_1_2' title="bbox 193 590 1296 1406">
     <span class='ocr_line' id='line_1_2' title="bbox 282 590 1295 679; baseline 0.005 -24"><span class='ocrx_word' id='word_1_2' title='bbox 282 590 335 656; x_wconf 84' lang='lat' dir='ltr'><strong>Ex</strong></span> <span class='ocrx_word' id='word_1_3' title='bbox 357 592 408 656; x_wconf 94' lang='lat' dir='ltr'><strong>his</strong></span> <span class='ocrx_word' id='word_1_4' title='bbox 430 592 576 658; x_wconf 90' lang='lat' dir='ltr'><strong>omnibus</strong></span> <span class='ocrx_word' id='word_1_5' title='bbox 599 602 742 678; x_wconf 89' lang='lat' dir='ltr'><strong>apparet,</strong></span> <span class='ocrx_word' id='word_1_6' title='bbox 765 593 918 658; x_wconf 80' lang='lat' dir='ltr'><strong>Ethicum</strong></span> <span class='ocrx_word' id='word_1_7' title='bbox 939 594 1073 660; x_wconf 88' lang='lat' dir='ltr'><strong>occultis</strong></span> <span class='ocrx_word' id='word_1_8' title='bbox 1092 595 1159 660; x_wconf 85' lang='lat' dir='ltr'><strong>suis</strong></span> <span class='ocrx_word' id='word_1_9' title='bbox 1174 602 1207 659; x_wconf 87' lang='lat' dir='ltr'><strong>et</strong></span> <span class='ocrx_word' id='word_1_10' title='bbox 1222 594 1295 679; x_wconf 87' lang='lat' dir='ltr'><strong>abs·</strong></span> 
     </span>
     <span class='ocr_line' id='line_1_3' title="bbox 194 697 1296 785; baseline 0.002 -25"><span class='ocrx_word' id='word_1_11' title='bbox 194 705 282 762; x_wconf 87' lang='lat' dir='ltr'><strong>truse</strong></span> <span class='ocrx_word' id='word_1_12' title='bbox 311 697 405 761; x_wconf 90' lang='lat' dir='ltr'><strong>dictis</strong></span> <span class='ocrx_word' id='word_1_13' title='bbox 432 699 550 769; x_wconf 88' lang='lat' dir='ltr'><strong>famam</strong></span> <span class='ocrx_word' id='word_1_14' title='bbox 577 698 638 763; x_wconf 85' lang='lat' dir='ltr'>sibi</span> <span class='ocrx_word' id='word_1_15' title='bbox 661 697 748 784; x_wconf 90' lang='lat' dir='ltr'><strong>apud</strong></span> <span class='ocrx_word' id='word_1_16' title='bbox 769 700 917 782; x_wconf 80' lang='lat' dir='ltr'>aequales</span> <span class='ocrx_word' id='word_1_17' title='bbox 944 720 1163 785; x_wconf 73' lang='lat' dir='ltr'><strong>comparasse,</strong></span> <span class='ocrx_word' id='word_1_18' title='bbox 1190 698 1296 764; x_wconf 86' lang='lat' dir='ltr'><strong>itaut</strong></span> 
     </span>
     <span class='ocr_line' id='line_1_4' title="bbox 193 801 1296 888; baseline 0.002 -24"><span class='ocrx_word' id='word_1_19' title='bbox 193 801 418 887; x_wconf 81' lang='lat' dir='ltr'><strong>mysteriorum</strong></span> <span class='ocrx_word' id='word_1_20' title='bbox 446 802 548 888; x_wconf 87' lang='lat' dir='ltr'><strong>magis</strong></span> <span class='ocrx_word' id='word_1_21' title='bbox 575 803 791 868; x_wconf 80' lang='lat' dir='ltr'><strong>simulatorem</strong></span> <span class='ocrx_word' id='word_1_22' title='bbox 825 826 920 886; x_wconf 91' lang='lat' dir='ltr'><strong>quam</strong></span> <span class='ocrx_word' id='word_1_23' title='bbox 951 803 1126 887; x_wconf 80' lang='lat' dir='ltr'><strong>sapientem</strong></span> <span class='ocrx_word' id='word_1_24' title='bbox 1159 824 1234 867; x_wconf 90' lang='lat' dir='ltr'><strong>eum</strong></span> <span class='ocrx_word' id='word_1_25' title='bbox 1263 810 1296 866; x_wconf 88' lang='lat' dir='ltr'><strong>et</strong></span> 
     </span>
     <span class='ocr_line' id='line_1_5' title="bbox 193 902 1295 990; baseline 0.003 -22"><span class='ocrx_word' id='word_1_26' title='bbox 193 902 419 990; x_wconf 85' lang='lat' dir='ltr'><strong>philosophum</strong></span> <span class='ocrx_word' id='word_1_27' title='bbox 446 905 543 970; x_wconf 86' lang='lat' dir='ltr'><strong>fuisse</strong></span> <span class='ocrx_word' id='word_1_28' title='bbox 571 906 810 978; x_wconf 88' lang='lat' dir='ltr'><strong>contendamus.</strong></span> <span class='ocrx_word' id='word_1_29' title='bbox 865 905 904 970; x_wconf 93' lang='lat' dir='ltr'><strong>In</strong></span> <span class='ocrx_word' id='word_1_30' title='bbox 939 905 1023 971; x_wconf 92' lang='lat' dir='ltr'><strong>hanc</strong></span> <span class='ocrx_word' id='word_1_31' title='bbox 1053 914 1160 971; x_wconf 90' lang='lat' dir='ltr'><strong>autem</strong></span> <span class='ocrx_word' id='word_1_32' title='bbox 1187 927 1295 971; x_wconf 87' lang='lat' dir='ltr'><strong>rerum</strong></span> 
     </span>
     <span class='ocr_line' id='line_1_6' title="bbox 194 1001 1295 1095; baseline 0.002 -23"><span class='ocrx_word' id='word_1_33' title='bbox 194 1001 389 1072; x_wconf 89' lang='lat' dir='ltr'><strong>occultarum</strong></span> <span class='ocrx_word' id='word_1_34' title='bbox 413 1008 648 1074; x_wconf 85' lang='lat' dir='ltr'><strong>affectationem</strong></span> <span class='ocrx_word' id='word_1_35' title='bbox 668 1010 785 1075; x_wconf 88' lang='lat' dir='ltr'><strong>multos</strong></span> <span class='ocrx_word' id='word_1_36' title='bbox 799 1010 942 1076; x_wconf 90' lang='lat' dir='ltr'><strong>eiusdem</strong></span> <span class='ocrx_word' id='word_1_37' title='bbox 957 1009 1072 1075; x_wconf 90' lang='lat' dir='ltr'><strong>aetatis</strong></span> <span class='ocrx_word' id='word_1_38' title='bbox 1085 1008 1295 1095; x_wconf 90' lang='lat' dir='ltr'><strong>philosophos</strong></span> 
     </span>
     <span class='ocr_line' id='line_1_7' title="bbox 193 1109 1294 1198; baseline 0.003 -25"><span class='ocrx_word' id='word_1_39' title='bbox 193 1109 353 1194; x_wconf 83' lang='lat' dir='ltr'><strong>incidisse,</strong></span> <span class='ocrx_word' id='word_1_40' title='bbox 376 1110 595 1196; x_wconf 86' lang='lat' dir='ltr'><strong>Harpocrates</strong></span> <span class='ocrx_word' id='word_1_41' title='bbox 610 1112 663 1177; x_wconf 88' lang='lat' dir='ltr'><strong>ille</strong></span> <span class='ocrx_word' id='word_1_42' title='bbox 681 1122 713 1179; x_wconf 94' lang='lat' dir='ltr'><strong>et</strong></span> <span class='ocrx_word' id='word_1_43' title='bbox 727 1115 890 1197; x_wconf 77' lang='lat' dir='ltr'><strong>Aurelius,</strong></span> <span class='ocrx_word' id='word_1_44' title='bbox 911 1114 1095 1198; x_wconf 80' lang='lat' dir='ltr'><strong>Fabiusque</strong></span> <span class='ocrx_word' id='word_1_45' title='bbox 1110 1111 1294 1194; x_wconf 89' lang='lat' dir='ltr'><strong>ostendunt,</strong></span> 
     </span>
     <span class='ocr_line' id='line_1_8' title="bbox 194 1214 1295 1305; baseline 0.001 -26"><span class='ocrx_word' id='word_1_46' title='bbox 194 1215 249 1299; x_wconf 92' lang='lat' dir='ltr'><strong>qui</strong></span> <span class='ocrx_word' id='word_1_47' title='bbox 277 1214 318 1279; x_wconf 91' lang='lat' dir='ltr'><strong>ab</strong></span> <span class='ocrx_word' id='word_1_48' title='bbox 344 1215 528 1301; x_wconf 70' lang='grc'><strong>11111100-</strong></span> <span class='ocrx_word' id='word_1_49' title='bbox 552 1217 603 1281; x_wconf 85' lang='lat' dir='ltr'><strong>vel</strong></span> <span class='ocrx_word' id='word_1_50' title='bbox 632 1217 738 1301; x_wconf 91' lang='lat' dir='ltr'><strong>potius</strong></span> <span class='ocrx_word' id='word_1_51' title='bbox 767 1218 808 1283; x_wconf 90' lang='lat' dir='ltr'><strong>ab</strong></span> <span class='ocrx_word' id='word_1_52' title='bbox 836 1217 1034 1305; x_wconf 87' lang='lat' dir='ltr'><strong>Hieronymo</strong></span> <span class='ocrx_word' id='word_1_53' title='bbox 1058 1214 1295 1281; x_wconf 87' lang='lat' dir='ltr'><strong>-laudantur</strong></span> 
     </span>
     <span class='ocr_line' id='line_1_9' title="bbox 194 1304 779 1406; baseline 0.005 -21"><span class='ocrx_word' id='word_1_54' title='bbox 194 1341 268 1406; x_wconf 76' lang='lat' dir='ltr'><strong>pag.</strong></span> <span class='ocrx_word' id='word_1_55' title='bbox 284 1304 401 1388; x_wconf 75' lang='lat' dir='ltr'><strong>rcs‘a.</strong></span> <span class='ocrx_word' id='word_1_56' title='bbox 416 1319 486 1400; x_wconf 62' lang='lat' dir='ltr'><strong>fin,</strong></span> <span class='ocrx_word' id='word_1_57' title='bbox 512 1321 587 1401; x_wconf 76' lang='lat'><strong>514,</strong></span> <span class='ocrx_word' id='word_1_58' title='bbox 609 1321 709 1387; x_wconf 80' lang='lat' dir='ltr'><strong>v.1o.</strong></span> <span class='ocrx_word' id='word_1_59' title='bbox 774 1323 779 1332; x_wconf 90' lang='lat'><strong>·</strong></span> 
     </span>
    </p>

    <p class='ocr_par' dir='ltr' id='par_1_3' title="bbox 192 1420 1295 2960">
     <span class='ocr_line' id='line_1_10' title="bbox 242 1420 1294 1511; baseline 0.004 -27"><span class='ocrx_word' id='word_1_60' title='bbox 242 1468 251 1483; x_wconf 96' lang='lat'><strong>.</strong></span> <span class='ocrx_word' id='word_1_61' title='bbox 282 1420 373 1505; x_wconf 79' lang='lat' dir='ltr'><strong>Quid</strong></span> <span class='ocrx_word' id='word_1_62' title='bbox 386 1423 495 1511; x_wconf 89' lang='lat' dir='ltr'><strong>igitur,</strong></span> <span class='ocrx_word' id='word_1_63' title='bbox 518 1421 835 1511; x_wconf 13' lang='lat' dir='ltr'><strong>sirOosmcgrapbiae</strong></span> <span class='ocrx_word' id='word_1_64' title='bbox 849 1425 939 1491; x_wconf 86' lang='lat' dir='ltr'><strong>locos</strong></span> <span class='ocrx_word' id='word_1_65' title='bbox 953 1424 1035 1508; x_wconf 91' lang='lat' dir='ltr'><strong>illos,</strong></span> <span class='ocrx_word' id='word_1_66' title='bbox 1053 1446 1134 1508; x_wconf 89' lang='lat' dir='ltr'><strong>quos</strong></span> <span class='ocrx_word' id='word_1_67' title='bbox 1147 1432 1185 1489; x_wconf 87' lang='lat' dir='ltr'><strong>ut</strong></span> <span class='ocrx_word' id='word_1_68' title='bbox 1199 1423 1294 1489; x_wconf 84' lang='lat' dir='ltr'><strong>valde</strong></span> 
     </span>
     <span class='ocr_line' id='line_1_11' title="bbox 193 1527 1295 1614; baseline -0.001 -22"><span class='ocrx_word' id='word_1_69' title='bbox 193 1527 346 1592; x_wconf 90' lang='lat' dir='ltr'><strong>obscuros</strong></span> <span class='ocrx_word' id='word_1_70' title='bbox 369 1549 467 1612; x_wconf 91' lang='lat' dir='ltr'><strong>supra</strong></span> <span class='ocrx_word' id='word_1_71' title='bbox 488 1527 669 1610; x_wconf 78' lang='lat' dir='ltr'><strong>attulimus,</strong></span> <span class='ocrx_word' id='word_1_72' title='bbox 698 1535 730 1592; x_wconf 93' lang='lat' dir='ltr'><strong>et</strong></span> <span class='ocrx_word' id='word_1_73' title='bbox 758 1528 814 1611; x_wconf 88' lang='lat' dir='ltr'><strong>qui</strong></span> <span class='ocrx_word' id='word_1_74' title='bbox 842 1536 892 1593; x_wconf 89' lang='lat' dir='ltr'><strong>tot</strong></span> <span class='ocrx_word' id='word_1_75' title='bbox 917 1529 984 1593; x_wconf 83' lang='lat' dir='ltr'><strong>fere</strong></span> <span class='ocrx_word' id='word_1_76' title='bbox 1011 1528 1193 1614; x_wconf 85' lang='lat' dir='ltr'><strong>aenigmata</strong></span> <span class='ocrx_word' id='word_1_77' title='bbox 1215 1535 1295 1612; x_wconf 91' lang='lat' dir='ltr'><strong>quot</strong></span> 
     </span>
     <span class='ocr_line' id='line_1_12' title="bbox 193 1630 1294 1719; baseline 0.001 -25"><span class='ocrx_word' id='word_1_78' title='bbox 193 1631 292 1696; x_wconf 89' lang='lat' dir='ltr'><strong>verba</strong></span> <span class='ocrx_word' id='word_1_79' title='bbox 306 1631 398 1696; x_wconf 89' lang='lat' dir='ltr'><strong>nobis</strong></span> <span class='ocrx_word' id='word_1_80' title='bbox 413 1638 607 1716; x_wconf 87' lang='lat' dir='ltr'><strong>proponunt,</strong></span> <span class='ocrx_word' id='word_1_81' title='bbox 629 1654 693 1695; x_wconf 92' lang='lat' dir='ltr'><strong>non</strong></span> <span class='ocrx_word' id='word_1_82' title='bbox 710 1633 828 1717; x_wconf 88' lang='lat' dir='ltr'><strong>usitato</strong></span> <span class='ocrx_word' id='word_1_83' title='bbox 845 1640 878 1697; x_wconf 90' lang='lat' dir='ltr'><strong>et</strong></span> <span class='ocrx_word' id='word_1_84' title='bbox 892 1632 1018 1719; x_wconf 85' lang='lat' dir='ltr'><strong>vulgari</strong></span> <span class='ocrx_word' id='word_1_85' title='bbox 1032 1654 1177 1697; x_wconf 89' lang='lat' dir='ltr'><strong>sermone</strong></span> <span class='ocrx_word' id='word_1_86' title='bbox 1191 1630 1294 1716; x_wconf 88' lang='lat' dir='ltr'><strong>scrip-</strong></span> 
     </span>
     <span class='ocr_line' id='line_1_13' title="bbox 193 1722 1294 1823; baseline -0.001 -24"><span class='ocrx_word' id='word_1_87' title='bbox 193 1744 244 1800; x_wconf 90' lang='lat' dir='ltr'><strong>tos</strong></span> <span class='ocrx_word' id='word_1_88' title='bbox 267 1757 336 1800; x_wconf 92' lang='lat' dir='ltr'><strong>esse</strong></span> <span class='ocrx_word' id='word_1_89' title='bbox 358 1734 511 1817; x_wconf 82' lang='lat' dir='ltr'><strong>dicimus,</strong></span> <span class='ocrx_word' id='word_1_90' title='bbox 540 1733 597 1801; x_wconf 90' lang='lat' dir='ltr'><strong>sed</strong></span> <span class='ocrx_word' id='word_1_91' title='bbox 625 1742 682 1799; x_wconf 92' lang='lat' dir='ltr'><strong>aut</strong></span> <span class='ocrx_word' id='word_1_92' title='bbox 709 1735 824 1800; x_wconf 90' lang='lat' dir='ltr'><strong>fictitia</strong></span> <span class='ocrx_word' id='word_1_93' title='bbox 844 1736 954 1823; x_wconf 85' lang='lat' dir='ltr'><strong>lingua</strong></span> <span class='ocrx_word' id='word_1_94' title='bbox 976 1744 1033 1800; x_wconf 87' lang='lat' dir='ltr'><strong>aut</strong></span> <span class='ocrx_word' id='word_1_95' title='bbox 1054 1722 1192 1800; x_wconf 88' lang='lat' dir='ltr'><strong>dialecto</strong></span> <span class='ocrx_word' id='word_1_96' title='bbox 1214 1756 1294 1818; x_wconf 91' lang='lat' dir='ltr'><strong>qua·</strong></span> 
     </span>
     <span class='ocr_line' id='line_1_14' title="bbox 193 1836 1295 1926; baseline -0.001 -22"><span class='ocrx_word' id='word_1_97' title='bbox 193 1837 269 1904; x_wconf 92' lang='lat' dir='ltr'><strong>dam</strong></span> <span class='ocrx_word' id='word_1_98' title='bbox 291 1839 496 1924; x_wconf 86' lang='lat' dir='ltr'><strong>compositos,</strong></span> <span class='ocrx_word' id='word_1_99' title='bbox 519 1839 627 1922; x_wconf 89' lang='lat' dir='ltr'><strong>quales</strong></span> <span class='ocrx_word' id='word_1_100' title='bbox 648 1840 765 1905; x_wconf 88' lang='lat' dir='ltr'><strong>multas</strong></span> <span class='ocrx_word' id='word_1_101' title='bbox 786 1840 930 1907; x_wconf 82' lang='lat' dir='ltr'><strong>extitisse</strong></span> <span class='ocrx_word' id='word_1_102' title='bbox 950 1840 1086 1926; x_wconf 87' lang='lat' dir='ltr'><strong>legimus</strong></span> <span class='ocrx_word' id='word_1_103' title='bbox 1109 1836 1196 1924; x_wconf 93' lang='lat' dir='ltr'><strong>apud</strong></span> <span class='ocrx_word' id='word_1_104' title='bbox 1217 1837 1295 1903; x_wconf 89' lang='lat' dir='ltr'><strong>Vir-</strong></span> 
     </span>
     <span class='ocr_line' id='line_1_15' title="bbox 193 1940 1294 2031; baseline -0.002 -23"><span class='ocrx_word' id='word_1_105' title='bbox 193 1942 321 2029; x_wconf 83' lang='lat' dir='ltr'><strong>gilium,</strong></span> <span class='ocrx_word' id='word_1_106' title='bbox 350 1943 432 2008; x_wconf 87' lang='lat' dir='ltr'><strong>sexti</strong></span> <span class='ocrx_word' id='word_1_107' title='bbox 458 1950 495 2006; x_wconf 93' lang='lat' dir='ltr'><strong>ut</strong></span> <span class='ocrx_word' id='word_1_108' title='bbox 516 1942 645 2007; x_wconf 87' lang='lat' dir='ltr'><strong>videtur</strong></span> <span class='ocrx_word' id='word_1_109' title='bbox 666 1943 785 2009; x_wconf 87' lang='lat' dir='ltr'><strong>saeculi</strong></span> <span class='ocrx_word' id='word_1_110' title='bbox 806 1941 1070 2031; x_wconf 74' lang='lat' dir='ltr'><strong>grammaticum?</strong></span> <span class='ocrx_word' id='word_1_111' title='bbox 1082 1943 1139 2024; x_wconf 81' lang='lat'><strong>³²⁰)</strong></span> <span class='ocrx_word' id='word_1_112' title='bbox 1184 1940 1294 2006; x_wconf 88' lang='lat' dir='ltr'><strong>Multa</strong></span> 
     </span>
     <span class='ocr_line' id='line_1_16' title="bbox 194 2042 1294 2134; baseline -0.002 -24"><span class='ocrx_word' id='word_1_113' title='bbox 194 2055 300 2111; x_wconf 90' lang='lat' dir='ltr'><strong>autem</strong></span> <span class='ocrx_word' id='word_1_114' title='bbox 327 2048 361 2111; x_wconf 92' lang='lat' dir='ltr'><strong>in</strong></span> <span class='ocrx_word' id='word_1_115' title='bbox 387 2047 517 2134; x_wconf 82' lang='lat' dir='ltr'><strong>Virgilii</strong></span> <span class='ocrx_word' id='word_1_116' title='bbox 544 2046 626 2111; x_wconf 88' lang='lat' dir='ltr'><strong>libro</strong></span> <span class='ocrx_word' id='word_1_117' title='bbox 654 2046 857 2111; x_wconf 84' lang='lat' dir='ltr'><strong>inveniuntur</strong></span> <span class='ocrx_word' id='word_1_118' title='bbox 885 2069 967 2131; x_wconf 88' lang='lat' dir='ltr'><strong>quae</strong></span> <span class='ocrx_word' id='word_1_119' title='bbox 997 2068 1070 2111; x_wconf 88' lang='lat' dir='ltr'><strong>eum</strong></span> <span class='ocrx_word' id='word_1_120' title='bbox 1099 2042 1294 2132; x_wconf 81' lang='lat' dir='ltr'><strong>Cosmogra·</strong></span> 
     </span>
     <span class='ocr_line' id='line_1_17' title="bbox 192 2149 1293 2237; baseline 0 -24"><span class='ocrx_word' id='word_1_121' title='bbox 192 2149 271 2235; x_wconf 89' lang='lat' dir='ltr'><strong>pbia</strong></span> <span class='ocrx_word' id='word_1_122' title='bbox 283 2150 395 2215; x_wconf 83' lang='lat' dir='ltr'><strong>Ethici</strong></span> <span class='ocrx_word' id='word_1_123' title='bbox 417 2151 630 2232; x_wconf 91' lang='lat' dir='ltr'><strong>consentiunt,</strong></span> <span class='ocrx_word' id='word_1_124' title='bbox 651 2151 698 2215; x_wconf 91' lang='lat' dir='ltr'><strong>ita</strong></span> <span class='ocrx_word' id='word_1_125' title='bbox 719 2159 757 2214; x_wconf 90' lang='lat' dir='ltr'><strong>ut</strong></span> <span class='ocrx_word' id='word_1_126' title='bbox 777 2173 932 2237; x_wconf 87' lang='lat' dir='ltr'><strong>magnum·</strong></span> <span class='ocrx_word' id='word_1_127' title='bbox 951 2173 991 2215; x_wconf 85' lang='lat' dir='ltr'><strong>ex</strong></span> <span class='ocrx_word' id='word_1_128' title='bbox 1013 2173 1051 2215; x_wconf 91' lang='lat' dir='ltr'><strong>eo</strong></span> <span class='ocrx_word' id='word_1_129' title='bbox 1065 2150 1205 2214; x_wconf 88' lang='lat' dir='ltr'><strong>fructum</strong></span> <span class='ocrx_word' id='word_1_130' title='bbox 1220 2171 1293 2235; x_wconf 92' lang='lat' dir='ltr'><strong>per·</strong></span> 
     </span>
     <span class='ocr_line' id='line_1_18' title="bbox 193 2251 1293 2341; baseline 0.003 -27"><span class='ocrx_word' id='word_1_131' title='bbox 193 2252 422 2337; x_wconf 84' lang='lat' dir='ltr'><strong>cipiamus³²¹).</strong></span> <span class='ocrx_word' id='word_1_132' title='bbox 458 2251 547 2334; x_wconf 81' lang='lat' dir='ltr'><strong>Quin</strong></span> <span class='ocrx_word' id='word_1_133' title='bbox 569 2255 665 2319; x_wconf 89' lang='lat' dir='ltr'><strong>etiam</strong></span> <span class='ocrx_word' id='word_1_134' title='bbox 686 2277 761 2341; x_wconf 87' lang='lat' dir='ltr'><strong>pag.</strong></span> <span class='ocrx_word' id='word_1_135' title='bbox 781 2253 853 2322; x_wconf 80' lang='lat'><strong>128.</strong></span> <span class='ocrx_word' id='word_1_136' title='bbox 869 2255 937 2319; x_wconf 91' lang='lat' dir='ltr'><strong>init.</strong></span> <span class='ocrx_word' id='word_1_137' title='bbox 953 2253 1113 2320; x_wconf 88' lang='lat' dir='ltr'><strong>Histrium</strong></span> <span class='ocrx_word' id='word_1_138' title='bbox 1132 2251 1293 2335; x_wconf 83' lang='lat' dir='ltr'><strong>quendam</strong></span> 
     </span>
     <span class='ocr_line' id='line_1_19' title="bbox 192 2355 1293 2443; baseline -0.001 -23"><span class='ocrx_word' id='word_1_139' title='bbox 192 2356 374 2440; x_wconf 89' lang='lat' dir='ltr'><strong>Hispanum</strong></span> <span class='ocrx_word' id='word_1_140' title='bbox 398 2356 451 2438; x_wconf 86' lang='lat' dir='ltr'><strong>„in</strong></span> <span class='ocrx_word' id='word_1_141' title='bbox 467 2357 698 2442; x_wconf 88' lang='lat' dir='ltr'><strong>compositione</strong></span> <span class='ocrx_word' id='word_1_142' title='bbox 714 2357 918 2423; x_wconf 83' lang='lat' dir='ltr'><strong>historiarum</strong></span> <span class='ocrx_word' id='word_1_143' title='bbox 935 2355 1120 2443; x_wconf 85' lang='lat' dir='ltr'><strong>splendidae</strong></span> <span class='ocrx_word' id='word_1_144' title='bbox 1134 2355 1213 2420; x_wconf 86' lang='lat' dir='ltr'><strong>satis</strong></span> <span class='ocrx_word' id='word_1_145' title='bbox 1228 2355 1293 2420; x_wconf 93' lang='lat' dir='ltr'><strong>elo·</strong></span> 
     </span>
     <span class='ocr_line' id='line_1_20' title="bbox 193 2458 1293 2548; baseline -0.001 -25"><span class='ocrx_word' id='word_1_146' title='bbox 193 2459 361 2542; x_wconf 83' lang='lat' dir='ltr'><strong>quentiae“</strong></span> <span class='ocrx_word' id='word_1_147' title='bbox 385 2459 512 2544; x_wconf 88' lang='lat' dir='ltr'><strong>laudat,</strong></span> <span class='ocrx_word' id='word_1_148' title='bbox 541 2461 632 2527; x_wconf 91' lang='lat' dir='ltr'><strong>cuius</strong></span> <span class='ocrx_word' id='word_1_149' title='bbox 652 2462 717 2527; x_wconf 92' lang='lat' dir='ltr'><strong>iam</strong></span> <span class='ocrx_word' id='word_1_150' title='bbox 740 2468 835 2526; x_wconf 91' lang='lat' dir='ltr'><strong>antea</strong></span> <span class='ocrx_word' id='word_1_151' title='bbox 855 2483 929 2548; x_wconf 86' lang='lat' dir='ltr'><strong>pag.</strong></span> <span class='ocrx_word' id='word_1_152' title='bbox 949 2463 1022 2543; x_wconf 82' lang='lat'><strong>117,</strong></span> <span class='ocrx_word' id='word_1_153' title='bbox 1046 2461 1077 2542; x_wconf 84' lang='lat'><strong>6,</strong></span> <span class='ocrx_word' id='word_1_154' title='bbox 1099 2458 1293 2524; x_wconf 89' lang='lat' dir='ltr'><strong>mentionem</strong></span> 
     </span>
     <span class='ocr_line' id='line_1_21' title="bbox 193 2561 1293 2653; baseline 0 -27"><span class='ocrx_word' id='word_1_155' title='bbox 193 2561 309 2627; x_wconf 87' lang='lat' dir='ltr'><strong>attulit.</strong></span> <span class='ocrx_word' id='word_1_156' title='bbox 355 2562 408 2628; x_wconf 92' lang='lat' dir='ltr'><strong>De</strong></span> <span class='ocrx_word' id='word_1_157' title='bbox 435 2563 498 2630; x_wconf 90' lang='lat' dir='ltr'><strong>hoc</strong></span> <span class='ocrx_word' id='word_1_158' title='bbox 525 2565 625 2652; x_wconf 87' lang='lat' dir='ltr'><strong>igitur</strong></span> <span class='ocrx_word' id='word_1_159' title='bbox 646 2565 792 2653; x_wconf 86' lang='lat' dir='ltr'><strong>Angelus</strong></span> <span class='ocrx_word' id='word_1_160' title='bbox 813 2564 922 2629; x_wconf 90' lang='lat' dir='ltr'><strong>Maius</strong></span> <span class='ocrx_word' id='word_1_161' title='bbox 943 2564 965 2627; x_wconf 89' lang='lat' dir='ltr'><strong>l.</strong></span> <span class='ocrx_word' id='word_1_162' title='bbox 987 2584 1015 2628; x_wconf 90' lang='lat' dir='ltr'><strong>o.</strong></span> <span class='ocrx_word' id='word_1_163' title='bbox 1040 2562 1075 2626; x_wconf 92' lang='lat' dir='ltr'><strong>in</strong></span> <span class='ocrx_word' id='word_1_164' title='bbox 1095 2563 1293 2648; x_wconf 82' lang='lat' dir='ltr'><strong>praefatione</strong></span> 
     </span>
     <span class='ocr_line' id='line_1_22' title="bbox 192 2666 1292 2755; baseline 0.001 -25"><span class='ocrx_word' id='word_1_165' title='bbox 192 2688 268 2752; x_wconf 84' lang='lat' dir='ltr'><strong>pag.</strong></span> <span class='ocrx_word' id='word_1_166' title='bbox 285 2666 399 2750; x_wconf 91' lang='lat' dir='ltr'><strong>XVII,</strong></span> <span class='ocrx_word' id='word_1_167' title='bbox 422 2677 455 2734; x_wconf 92' lang='lat' dir='ltr'><strong>et</strong></span> <span class='ocrx_word' id='word_1_168' title='bbox 475 2692 550 2755; x_wconf 86' lang='lat' dir='ltr'><strong>pag.</strong></span> <span class='ocrx_word' id='word_1_169' title='bbox 566 2668 690 2734; x_wconf 91' lang='lat' dir='ltr'>XVIII</span> <span class='ocrx_word' id='word_1_170' title='bbox 703 2669 810 2734; x_wconf 86' lang='lat' dir='ltr'><strong>initio:</strong></span> <span class='ocrx_word' id='word_1_171' title='bbox 837 2667 999 2751; x_wconf 86' lang='lat' dir='ltr'><strong>„Histrius</strong></span> <span class='ocrx_word' id='word_1_172' title='bbox 1020 2666 1178 2753; x_wconf 88' lang='lat' dir='ltr'><strong>hispanus·</strong></span> <span class='ocrx_word' id='word_1_173' title='bbox 1190 2666 1292 2732; x_wconf 91' lang='lat' dir='ltr'><strong>histo-</strong></span> 
     </span>
     <span class='ocr_line' id='line_1_23' title="bbox 192 2769 1291 2858; baseline 0.003 -25"><span class='ocrx_word' id='word_1_174' title='bbox 192 2769 295 2853; x_wconf 86' lang='lat' dir='ltr'><strong>ricus,</strong></span> <span class='ocrx_word' id='word_1_175' title='bbox 325 2772 466 2855; x_wconf 89' lang='lat' dir='ltr'><strong>aequalis</strong></span> <span class='ocrx_word' id='word_1_176' title='bbox 488 2771 618 2858; x_wconf 86' lang='lat' dir='ltr'><strong>Virgilii</strong></span> <span class='ocrx_word' id='word_1_177' title='bbox 640 2773 757 2856; x_wconf 87' lang='lat' dir='ltr'><strong>nostri,</strong></span> <span class='ocrx_word' id='word_1_178' title='bbox 783 2774 880 2837; x_wconf 93' lang='lat' dir='ltr'><strong>immo</strong></span> <span class='ocrx_word' id='word_1_179' title='bbox 902 2771 1072 2857; x_wconf 82' lang='lat' dir='ltr'><strong>magister,</strong></span> <span class='ocrx_word' id='word_1_180' title='bbox 1093 2780 1131 2837; x_wconf 94' lang='lat' dir='ltr'><strong>ut</strong></span> <span class='ocrx_word' id='word_1_181' title='bbox 1152 2770 1291 2852; x_wconf 87' lang='lat' dir='ltr'><strong>videtur,</strong></span> 
     </span>
     <span class='ocr_line' id='line_1_24' title="bbox 193 2873 1218 2960; baseline 0.001 -24"><span class='ocrx_word' id='word_1_182' title='bbox 193 2896 266 2960; x_wconf 85' lang='lat' dir='ltr'><strong>pag.</strong></span> <span class='ocrx_word' id='word_1_183' title='bbox 286 2876 357 2941; x_wconf 85' lang='grc'><strong>127.</strong></span> <span class='ocrx_word' id='word_1_184' title='bbox 403 2874 503 2940; x_wconf 91' lang='lat' dir='ltr'><strong>Num</strong></span> <span class='ocrx_word' id='word_1_185' title='bbox 526 2884 588 2941; x_wconf 87' lang='lat' dir='ltr'><strong>cst</strong></span> <span class='ocrx_word' id='word_1_186' title='bbox 609 2876 808 2942; x_wconf 89' lang='lat' dir='ltr'><strong>Aethicus</strong></span> <span class='ocrx_word' id='word_1_187' title='bbox 828 2873 982 2940; x_wconf 73' lang='lat' dir='ltr'><strong>Isterl“</strong></span> <span class='ocrx_word' id='word_1_188' title='bbox 1007 2875 1049 2922; x_wconf 86' lang='lat'><strong>-&#39;</strong></span> <span class='ocrx_word' id='word_1_189' title='bbox 1072 2874 1218 2939; x_wconf 90' lang='lat' dir='ltr'><strong>Minime.</strong></span> 
     </span>
    </p>

    <p class='ocr_par' dir='ltr' id='par_1_4' title="bbox 281 2976 1326 3065">
     <span class='ocr_line' id='line_1_25' title="bbox 281 2976 1326 3065; baseline -0.001 -23"><span class='ocrx_word' id='word_1_190' title='bbox 281 2977 437 3063; x_wconf 86' lang='lat' dir='ltr'><strong>Accedit,</strong></span> <span class='ocrx_word' id='word_1_191' title='bbox 465 2979 552 3064; x_wconf 92' lang='lat' dir='ltr'><strong>quod</strong></span> <span class='ocrx_word' id='word_1_192' title='bbox 574 2979 726 3045; x_wconf 90' lang='lat' dir='ltr'><strong>Lucanus</strong></span> <span class='ocrx_word' id='word_1_193' title='bbox 750 2979 804 3044; x_wconf 86' lang='lat' dir='ltr'><strong>ille</strong></span> <span class='ocrx_word' id='word_1_194' title='bbox 826 3000 921 3062; x_wconf 91' lang='lat' dir='ltr'><strong>quem</strong></span> <span class='ocrx_word' id='word_1_195' title='bbox 941 2977 1159 3065; x_wconf 88' lang='lat' dir='ltr'><strong>Hieronymus</strong></span> <span class='ocrx_word' id='word_1_196' title='bbox 1180 2976 1293 3042; x_wconf 89' lang='lat' dir='ltr'><strong>laudat</strong></span> <span class='ocrx_word' id='word_1_197' title='bbox 1320 3019 1326 3033; x_wconf 87' lang='lat'><strong>·</strong></span> 
     </span>
    </p>
   </div>
   <div class='ocr_carea' id='block_1_3' title="bbox 193 3119 393 3130">
    <p class='ocr_par' dir='ltr' id='par_1_5' title="bbox 193 3119 393 3130">
     <span class='ocr_line' id='line_1_26' title="bbox 193 3119 393 3130; baseline 0.015 -3"><span class='ocrx_word' id='word_1_198' title='bbox 193 3119 393 3130; x_wconf 83' lang='lat'>———-—</span> 
     </span>
    </p>
   </div>
   <div class='ocr_carea' id='block_1_4' title="bbox 191 3192 1293 4302">
    <p class='ocr_par' dir='ltr' id='par_1_6' title="bbox 193 3192 1292 3343">
     <span class='ocr_line' id='line_1_27' title="bbox 263 3192 1292 3262; baseline -0.001 -18"><span class='ocrx_word' id='word_1_199' title='bbox 263 3192 333 3256; x_wconf 80' lang='lat'>320)</span> <span class='ocrx_word' id='word_1_200' title='bbox 352 3197 397 3246; x_wconf 82' lang='lat' dir='ltr'><strong>cfr.</strong></span> <span class='ocrx_word' id='word_1_201' title='bbox 419 3196 521 3262; x_wconf 84' lang='lat' dir='ltr'><strong>Angelo</strong></span> <span class='ocrx_word' id='word_1_202' title='bbox 543 3198 610 3259; x_wconf 83' lang='lat' dir='ltr'><strong>Mai,</strong></span> <span class='ocrx_word' id='word_1_203' title='bbox 634 3196 798 3246; x_wconf 82' lang='lat' dir='ltr'><strong>classicorum</strong></span> <span class='ocrx_word' id='word_1_204' title='bbox 819 3200 950 3243; x_wconf 87' lang='lat' dir='ltr'><strong>anctorum</strong></span> <span class='ocrx_word' id='word_1_205' title='bbox 973 3207 987 3244; x_wconf 88' lang='lat' dir='ltr'><strong>c</strong></span> <span class='ocrx_word' id='word_1_206' title='bbox 1010 3195 1139 3244; x_wconf 89' lang='lat' dir='ltr'><strong>codicibus</strong></span> <span class='ocrx_word' id='word_1_207' title='bbox 1161 3193 1292 3244; x_wconf 83' lang='lat' dir='ltr'><strong>Vaticanis</strong></span> 
     </span>
     <span class='ocr_line' id='line_1_28' title="bbox 193 3276 985 3343; baseline 0 -13"><span class='ocrx_word' id='word_1_208' title='bbox 193 3281 318 3331; x_wconf 83' lang='lat' dir='ltr'><strong>editorum</strong></span> <span class='ocrx_word' id='word_1_209' title='bbox 335 3283 442 3332; x_wconf 85' lang='lat' dir='ltr'><strong>tom.V.</strong></span> <span class='ocrx_word' id='word_1_210' title='bbox 477 3281 672 3334; x_wconf 82' lang='lat' dir='ltr'><strong>Romae1833.</strong></span> <span class='ocrx_word' id='word_1_211' title='bbox 702 3276 744 3330; x_wconf 82' lang='lat'><strong>8⁰.</strong></span> <span class='ocrx_word' id='word_1_212' title='bbox 774 3295 832 3343; x_wconf 86' lang='lat' dir='ltr'><strong>pag.</strong></span> <span class='ocrx_word' id='word_1_213' title='bbox 848 3279 906 3329; x_wconf 84' lang='grc'><strong>124.</strong></span> <span class='ocrx_word' id='word_1_214' title='bbox 919 3281 985 3343; x_wconf 82' lang='lat' dir='ltr'><strong>sqq.&#39;</strong></span> 
     </span>
    </p>

    <p class='ocr_par' dir='ltr' id='par_1_7' title="bbox 191 3365 1293 4302">
     <span class='ocr_line' id='line_1_29' title="bbox 263 3365 1293 3433; baseline -0.004 -16"><span class='ocrx_word' id='word_1_215' title='bbox 263 3366 331 3430; x_wconf 81' lang='lat'>321)</span> <span class='ocrx_word' id='word_1_216' title='bbox 350 3370 415 3420; x_wconf 89' lang='lat' dir='ltr'><strong>Vide</strong></span> <span class='ocrx_word' id='word_1_217' title='bbox 433 3371 565 3420; x_wconf 88' lang='lat' dir='ltr'><strong>subtiliora</strong></span> <span class='ocrx_word' id='word_1_218' title='bbox 586 3371 630 3419; x_wconf 90' lang='lat' dir='ltr'><strong>illa</strong></span> <span class='ocrx_word' id='word_1_219' title='bbox 649 3367 870 3433; x_wconf 84' lang='lat' dir='ltr'><strong>grammaticorum</strong></span> <span class='ocrx_word' id='word_1_220' title='bbox 886 3367 1044 3429; x_wconf 88' lang='lat' dir='ltr'><strong>problemata</strong></span> <span class='ocrx_word' id='word_1_221' title='bbox 1062 3381 1126 3430; x_wconf 87' lang='lat' dir='ltr'><strong>quae</strong></span> <span class='ocrx_word' id='word_1_222' title='bbox 1143 3365 1218 3414; x_wconf 86' lang='lat' dir='ltr'><strong>affert</strong></span> <span class='ocrx_word' id='word_1_223' title='bbox 1234 3365 1293 3414; x_wconf 91' lang='lat' dir='ltr'><strong>Vir-</strong></span> 
     </span>
     <span class='ocr_line' id='line_1_30' title="bbox 192 3451 1293 3520; baseline -0.003 -17"><span class='ocrx_word' id='word_1_224' title='bbox 192 3454 275 3516; x_wconf 81' lang='lat' dir='ltr'><strong>gilius,</strong></span> <span class='ocrx_word' id='word_1_225' title='bbox 294 3456 310 3503; x_wconf 92' lang='lat' dir='ltr'><strong>l.</strong></span> <span class='ocrx_word' id='word_1_226' title='bbox 325 3471 346 3505; x_wconf 87' lang='lat' dir='ltr'><strong>e.</strong></span> <span class='ocrx_word' id='word_1_227' title='bbox 364 3472 422 3520; x_wconf 85' lang='lat' dir='ltr'><strong>pag.</strong></span> <span class='ocrx_word' id='word_1_228' title='bbox 437 3456 496 3506; x_wconf 89' lang='lat'><strong>101.</strong></span> <span class='ocrx_word' id='word_1_229' title='bbox 507 3488 540 3496; x_wconf 93' lang='lat'><em>-</em></span> <span class='ocrx_word' id='word_1_230' title='bbox 552 3457 672 3507; x_wconf 80' lang='lat' dir='ltr'><strong>Ceterum</strong></span> <span class='ocrx_word' id='word_1_231' title='bbox 689 3454 838 3516; x_wconf 85' lang='lat' dir='ltr'><strong>Hieronymi</strong></span> <span class='ocrx_word' id='word_1_232' title='bbox 856 3460 938 3503; x_wconf 88' lang='lat' dir='ltr'><strong>aetate</strong></span> <span class='ocrx_word' id='word_1_233' title='bbox 955 3454 1089 3517; x_wconf 82' lang='lat' dir='ltr'><strong>scriptores</strong></span> <span class='ocrx_word' id='word_1_234' title='bbox 1108 3451 1229 3511; x_wconf 85' lang='lat' dir='ltr'><strong>extitisse,</strong></span> <span class='ocrx_word' id='word_1_235' title='bbox 1249 3452 1293 3514; x_wconf 91' lang='lat' dir='ltr'><strong>qui</strong></span> 
     </span>
     <span class='ocr_line' id='line_1_31' title="bbox 193 3536 1292 3614; baseline -0.002 -26"><span class='ocrx_word' id='word_1_236' title='bbox 193 3540 284 3590; x_wconf 89' lang='lat' dir='ltr'><strong>eodem</strong></span> <span class='ocrx_word' id='word_1_237' title='bbox 301 3540 354 3590; x_wconf 82' lang='lat' dir='ltr'><strong>fere</strong></span> <span class='ocrx_word' id='word_1_238' title='bbox 372 3544 449 3614; x_wconf 84' lang='lat' dir='ltr'><strong>modo</strong></span> <span class='ocrx_word' id='word_1_239' title='bbox 468 3559 519 3607; x_wconf 88' lang='lat' dir='ltr'><strong>quo</strong></span> <span class='ocrx_word' id='word_1_240' title='bbox 537 3543 641 3592; x_wconf 84' lang='lat' dir='ltr'><strong>Ethicus</strong></span> <span class='ocrx_word' id='word_1_241' title='bbox 660 3541 826 3603; x_wconf 89' lang='lat' dir='ltr'><strong>scripserunt,</strong></span> <span class='ocrx_word' id='word_1_242' title='bbox 849 3540 885 3589; x_wconf 84' lang='lat' dir='ltr'><strong>ita</strong></span> <span class='ocrx_word' id='word_1_243' title='bbox 906 3547 934 3590; x_wconf 93' lang='lat' dir='ltr'><strong>ut</strong></span> <span class='ocrx_word' id='word_1_244' title='bbox 955 3553 1019 3603; x_wconf 90' lang='lat' dir='ltr'><strong>quae</strong></span> <span class='ocrx_word' id='word_1_245' title='bbox 1037 3539 1120 3588; x_wconf 86' lang='lat' dir='ltr'><strong>dicere</strong></span> <span class='ocrx_word' id='word_1_246' title='bbox 1137 3536 1231 3586; x_wconf 86' lang='lat' dir='ltr'><strong>vellent</strong></span> <span class='ocrx_word' id='word_1_247' title='bbox 1248 3539 1292 3586; x_wconf 85' lang='lat' dir='ltr'><strong>vix</strong></span> 
     </span>
     <span class='ocr_line' id='line_1_32' title="bbox 193 3623 1292 3692; baseline -0.002 -16"><span class='ocrx_word' id='word_1_248' title='bbox 193 3626 325 3689; x_wconf 89' lang='lat' dir='ltr'><strong>quisquam</strong></span> <span class='ocrx_word' id='word_1_249' title='bbox 347 3637 435 3692; x_wconf 86' lang='lat' dir='ltr'><strong>posset</strong></span> <span class='ocrx_word' id='word_1_250' title='bbox 455 3629 608 3691; x_wconf 87' lang='lat' dir='ltr'><strong>intelligere,</strong></span> <span class='ocrx_word' id='word_1_251' title='bbox 631 3628 662 3677; x_wconf 91' lang='lat' dir='ltr'><strong>ab</strong></span> <span class='ocrx_word' id='word_1_252' title='bbox 685 3627 742 3690; x_wconf 92' lang='lat' dir='ltr'><strong>ipso</strong></span> <span class='ocrx_word' id='word_1_253' title='bbox 764 3626 921 3690; x_wconf 87' lang='lat' dir='ltr'><strong>Hieronymo</strong></span> <span class='ocrx_word' id='word_1_254' title='bbox 945 3627 1072 3675; x_wconf 89' lang='lat' dir='ltr'><strong>docemur.</strong></span> <span class='ocrx_word' id='word_1_255' title='bbox 1109 3623 1202 3673; x_wconf 91' lang='lat' dir='ltr'><strong>Scribit</strong></span> <span class='ocrx_word' id='word_1_256' title='bbox 1223 3624 1292 3674; x_wconf 90' lang='lat' dir='ltr'><strong>enim</strong></span> 
     </span>
     <span class='ocr_line' id='line_1_33' title="bbox 191 3711 1291 3776; baseline -0.002 -14"><span class='ocrx_word' id='word_1_257' title='bbox 191 3714 218 3762; x_wconf 90' lang='lat' dir='ltr'><strong>in</strong></span> <span class='ocrx_word' id='word_1_258' title='bbox 230 3714 295 3763; x_wconf 92' lang='lat' dir='ltr'><strong>libro</strong></span> <span class='ocrx_word' id='word_1_259' title='bbox 313 3717 432 3765; x_wconf 87' lang='lat' dir='ltr'><strong>adversus</strong></span> <span class='ocrx_word' id='word_1_260' title='bbox 444 3715 601 3764; x_wconf 87' lang='lat' dir='ltr'><strong>Iovinianum</strong></span> <span class='ocrx_word' id='word_1_261' title='bbox 614 3712 671 3775; x_wconf 87' lang='lat' dir='ltr'><strong>(cfr.</strong></span> <span class='ocrx_word' id='word_1_262' title='bbox 685 3715 833 3776; x_wconf 89' lang='lat' dir='ltr'><strong>Hieronymi</strong></span> <span class='ocrx_word' id='word_1_263' title='bbox 846 3711 932 3776; x_wconf 88' lang='lat' dir='ltr'><strong>Opera</strong></span> <span class='ocrx_word' id='word_1_264' title='bbox 949 3713 1014 3763; x_wconf 83' lang='lat' dir='ltr'><strong>adid.</strong></span> <span class='ocrx_word' id='word_1_265' title='bbox 1024 3711 1171 3772; x_wconf 86' lang='lat' dir='ltr'><strong>Vallaraius,</strong></span> <span class='ocrx_word' id='word_1_266' title='bbox 1184 3719 1245 3761; x_wconf 91' lang='lat' dir='ltr'><strong>tom.</strong></span> <span class='ocrx_word' id='word_1_267' title='bbox 1257 3712 1291 3771; x_wconf 85' lang='lat'><strong>11,</strong></span> 
     </span>
     <span class='ocr_line' id='line_1_34' title="bbox 191 3797 1290 3864; baseline -0.003 -14"><span class='ocrx_word' id='word_1_268' title='bbox 191 3815 249 3862; x_wconf 81' lang='lat' dir='ltr'><strong>pag.</strong></span> <span class='ocrx_word' id='word_1_269' title='bbox 263 3799 322 3850; x_wconf 88' lang='grc'>239.</span> <span class='ocrx_word' id='word_1_270' title='bbox 333 3801 366 3850; x_wconf 88' lang='lat' dir='ltr'><strong>A.</strong></span> <span class='ocrx_word' id='word_1_271' title='bbox 380 3809 406 3850; x_wconf 88' lang='lat' dir='ltr'><strong>ot</strong></span> <span class='ocrx_word' id='word_1_272' title='bbox 416 3798 473 3862; x_wconf 74' lang='grc' dir='ltr'>Β.);</span> <span class='ocrx_word' id='word_1_273' title='bbox 493 3801 718 3864; x_wconf 80' lang='lat' dir='ltr'><strong>„Quotiescunque</strong></span> <span class='ocrx_word' id='word_1_274' title='bbox 736 3816 795 3850; x_wconf 88' lang='lat' dir='ltr'><strong>eum</strong></span> <span class='ocrx_word' id='word_1_275' title='bbox 812 3802 906 3864; x_wconf 83' lang='lat' dir='ltr'><strong>legero,</strong></span> <span class='ocrx_word' id='word_1_276' title='bbox 924 3799 967 3848; x_wconf 90' lang='lat' dir='ltr'><strong>ubi</strong></span> <span class='ocrx_word' id='word_1_277' title='bbox 984 3797 1163 3848; x_wconf 84' lang='lat' dir='ltr'><strong>madefecerit</strong></span> <span class='ocrx_word' id='word_1_278' title='bbox 1179 3799 1290 3862; x_wconf 84' lang='lat' dir='ltr'><strong>spiritus,</strong></span> 
     </span>
     <span class='ocr_line' id='line_1_35' title="bbox 192 3886 1290 3952; baseline -0.001 -18"><span class='ocrx_word' id='word_1_279' title='bbox 192 3886 227 3935; x_wconf 92' lang='lat' dir='ltr'><strong>ibi</strong></span> <span class='ocrx_word' id='word_1_280' title='bbox 249 3895 288 3936; x_wconf 89' lang='lat' dir='ltr'><strong>est</strong></span> <span class='ocrx_word' id='word_1_281' title='bbox 310 3887 446 3937; x_wconf 85' lang='lat' dir='ltr'><strong>distinctio.</strong></span> <span class='ocrx_word' id='word_1_282' title='bbox 483 3889 597 3937; x_wconf 89' lang='lat' dir='ltr'><strong>Totum</strong></span> <span class='ocrx_word' id='word_1_283' title='bbox 619 3889 749 3952; x_wconf 87' lang='lat' dir='ltr'><strong>incipit,</strong></span> <span class='ocrx_word' id='word_1_284' title='bbox 772 3895 870 3938; x_wconf 89' lang='lat' dir='ltr'><strong>totum</strong></span> <span class='ocrx_word' id='word_1_285' title='bbox 892 3886 1007 3950; x_wconf 87' lang='lat' dir='ltr'><strong>pendet</strong></span> <span class='ocrx_word' id='word_1_286' title='bbox 1033 3900 1070 3935; x_wconf 85' lang='lat' dir='ltr'><strong>ex</strong></span> <span class='ocrx_word' id='word_1_287' title='bbox 1096 3886 1209 3935; x_wconf 85' lang='lat' dir='ltr'><strong>altero:</strong></span> <span class='ocrx_word' id='word_1_288' title='bbox 1237 3898 1290 3932; x_wconf 86' lang='lat' dir='ltr'><strong>nc-</strong></span> 
     </span>
     <span class='ocr_line' id='line_1_36' title="bbox 192 3970 1290 4039; baseline -0.008 -12"><span class='ocrx_word' id='word_1_289' title='bbox 192 3979 275 4028; x_wconf 89' lang='lat' dir='ltr'><strong>scias</strong></span> <span class='ocrx_word' id='word_1_290' title='bbox 295 3976 367 4039; x_wconf 86' lang='lat' dir='ltr'><strong>quid</strong></span> <span class='ocrx_word' id='word_1_291' title='bbox 387 3975 436 4023; x_wconf 90' lang='lat' dir='ltr'><strong>cui</strong></span> <span class='ocrx_word' id='word_1_292' title='bbox 454 3974 634 4039; x_wconf 71' lang='lat' dir='ltr'><strong>cohaereat,</strong></span> <span class='ocrx_word' id='word_1_293' title='bbox 658 3983 684 4026; x_wconf 87' lang='lat' dir='ltr'><strong>ot</strong></span> <span class='ocrx_word' id='word_1_294' title='bbox 705 3976 818 4039; x_wconf 86' lang='lat' dir='ltr'><strong>exceptis</strong></span> <span class='ocrx_word' id='word_1_295' title='bbox 836 3973 985 4024; x_wconf 84' lang='lat' dir='ltr'><strong>testimoniis</strong></span> <span class='ocrx_word' id='word_1_296' title='bbox 1003 3970 1201 4036; x_wconf 73' lang='lat' dir='ltr'><strong>scripturarum,</strong></span> <span class='ocrx_word' id='word_1_297' title='bbox 1225 3985 1290 4032; x_wconf 89' lang='lat' dir='ltr'><strong>quae</strong></span> 
     </span>
     <span class='ocr_line' id='line_1_37' title="bbox 191 4058 1290 4125; baseline -0.005 -13"><span class='ocrx_word' id='word_1_298' title='bbox 191 4064 236 4114; x_wconf 92' lang='lat' dir='ltr'><strong>illo</strong></span> <span class='ocrx_word' id='word_1_299' title='bbox 253 4062 429 4112; x_wconf 79' lang='lat' dir='ltr'><strong>venustissimo</strong></span> <span class='ocrx_word' id='word_1_300' title='bbox 453 4063 611 4125; x_wconf 87' lang='lat' dir='ltr'><strong>eloquentiae</strong></span> <span class='ocrx_word' id='word_1_301' title='bbox 634 4079 680 4114; x_wconf 91' lang='lat' dir='ltr'><strong>suo</strong></span> <span class='ocrx_word' id='word_1_302' title='bbox 699 4065 761 4114; x_wconf 89' lang='lat' dir='ltr'><strong>flore</strong></span> <span class='ocrx_word' id='word_1_303' title='bbox 783 4071 880 4113; x_wconf 88' lang='lat' dir='ltr'><strong>mutare</strong></span> <span class='ocrx_word' id='word_1_304' title='bbox 903 4076 955 4111; x_wconf 88' lang='lat' dir='ltr'><strong>non</strong></span> <span class='ocrx_word' id='word_1_305' title='bbox 975 4074 1052 4110; x_wconf 87' lang='lat' dir='ltr'><strong>ausus</strong></span> <span class='ocrx_word' id='word_1_306' title='bbox 1074 4066 1125 4120; x_wconf 86' lang='lat' dir='ltr'><strong>est,</strong></span> <span class='ocrx_word' id='word_1_307' title='bbox 1148 4058 1290 4119; x_wconf 85' lang='lat' dir='ltr'><strong>reliquus</strong></span> 
     </span>
     <span class='ocr_line' id='line_1_38' title="bbox 192 4144 1290 4212; baseline -0.002 -13"><span class='ocrx_word' id='word_1_308' title='bbox 192 4163 294 4200; x_wconf 90' lang='lat' dir='ltr'><strong>sermo</strong></span> <span class='ocrx_word' id='word_1_309' title='bbox 314 4149 396 4198; x_wconf 91' lang='lat' dir='ltr'><strong>omni</strong></span> <span class='ocrx_word' id='word_1_310' title='bbox 411 4151 562 4200; x_wconf 88' lang='lat' dir='ltr'><strong>materiae</strong></span> <span class='ocrx_word' id='word_1_311' title='bbox 581 4152 741 4211; x_wconf 85' lang='lat' dir='ltr'><strong>convenit,</strong></span> <span class='ocrx_word' id='word_1_312' title='bbox 760 4151 833 4212; x_wconf 87' lang='lat' dir='ltr'><strong>quia</strong></span> <span class='ocrx_word' id='word_1_313' title='bbox 850 4149 931 4198; x_wconf 89' lang='lat' dir='ltr'><strong>nulli</strong></span> <span class='ocrx_word' id='word_1_314' title='bbox 949 4145 1122 4198; x_wconf 83' lang='lat' dir='ltr'><strong>convenit“.</strong></span> <span class='ocrx_word' id='word_1_315' title='bbox 1142 4176 1176 4185; x_wconf 95' lang='lat'>—</span> <span class='ocrx_word' id='word_1_316' title='bbox 1198 4144 1290 4197; x_wconf 86' lang='lat' dir='ltr'><strong>Nonne</strong></span> 
     </span>
     <span class='ocr_line' id='line_1_39' title="bbox 193 4233 956 4302; baseline -0.004 -16"><span class='ocrx_word' id='word_1_317' title='bbox 193 4237 281 4287; x_wconf 89' lang='lat' dir='ltr'><strong>eadem</strong></span> <span class='ocrx_word' id='word_1_318' title='bbox 305 4237 358 4286; x_wconf 84' lang='lat' dir='ltr'><strong>fere</strong></span> <span class='ocrx_word' id='word_1_319' title='bbox 382 4236 413 4286; x_wconf 91' lang='lat' dir='ltr'><strong>de</strong></span> <span class='ocrx_word' id='word_1_320' title='bbox 439 4235 640 4302; x_wconf 82' lang='lat' dir='ltr'><strong>Cosmographia</strong></span> <span class='ocrx_word' id='word_1_321' title='bbox 656 4237 739 4289; x_wconf 81' lang='lat' dir='ltr'><strong>Etbici</strong></span> <span class='ocrx_word' id='word_1_322' title='bbox 757 4237 864 4287; x_wconf 86' lang='lat' dir='ltr'><strong>dicenda</strong></span> <span class='ocrx_word' id='word_1_323' title='bbox 880 4233 956 4284; x_wconf 82' lang='lat' dir='ltr'><strong>sunt?</strong></span> 
     </span>
    </p>
   </div>
   <div class='ocr_carea' id='block_1_5' title="bbox 0 0 1380 4844">
    <p class='ocr_par' dir='ltr' id='par_1_8' title="bbox 0 0 1380 4844">
     <span class='ocr_line' id='line_1_40' title="bbox 0 0 1380 4844; baseline 0 1"><span class='ocrx_word' id='word_1_324' title='bbox 0 0 1380 4844; x_wconf 95' lang='lat' dir='ltr'><strong> </strong></span> 
     </span>
    </p>
   </div>
  </div>
 </body>
</html>
