2752 4844
627 399 690 465 194

107 599 126 639 a
141 571 276 640 Graecis
300 574 509 659 excogitatas,
533 558 648 638 deinde
666 573 708 638 ad
723 573 860 639 maiores
873 581 1000 639 nostros
1013 575 1208 660 pervenisse.

107 678 184 747 Sive
213 686 320 743 antem
349 677 503 743 Daretem
531 675 710 763 Phrygium
738 699 833 761 quem
863 676 991 759 dicunt,
1020 677 1210 743 sivealium

107 790 143 846 tu
165 790 327 846 auctorem
350 778 511 865 quondam
534 779 676 845 extitisse
698 780 811 862 mavis,
835 802 934 863 quum
952 779 993 845 de
1008 779 1098 845 hisce
1113 780 1211 846 rebus

108 885 185 950 certi
208 883 285 948 nihil
307 881 453 968 indagari
478 883 589 966 possit,
612 905 675 947 nou
699 882 821 947 obsisto
834 885 901 965 ⁵²⁹).

614 1137 645 1219 s.
669 1135 699 1202 3.

150 1283 236 1346 QVID
258 1281 294 1332 IN
316 1279 457 1331 FABVLA
479 1280 526 1328 DE
549 1278 902 1343 BELLquANOORVM
921 1279 996 1331 CVM
1013 1280 1171 1331 ROMANIS

433 1365 576 1415 LATEAT
598 1362 883 1416 APvu'uTfflOVM.

195 1500 422 1565 Narrationem
444 1499 555 1564 Ethici
577 1498 617 1564 de
638 1499 730 1565 bellis
750 1500 833 1565 inter
853 1498 1028 1564 Romulum
1048 1508 1082 1564 et
1104 1498 1208 1564 Fran·

109 1629 166 1671 cos
194 1604 273 1669 ortis
300 1602 407 1686 paullo
435 1601 616 1666 accuratius
643 1602 884 1687 inspicientibus
905 1601 998 1667 nobis
1017 1602 1129 1667 statim
1150 1625 1205 1688 ap-

108 1717 217 1796 paret,
245 1728 322 1770 vera
348 1703 395 1769 ibi
420 1704 509 1769 falsis
536 1726 605 1769 esse
633 1707 735 1769 mixta
762 1713 859 1789 atque
880 1704 1075 1790 perturbata.
1120 1704 1205 1770 Nam

109 1835 191 1898 quae
220 1809 260 1874 de
286 1807 458 1873 Numitore
485 1806 650 1893 Remoque
677 1816 775 1892 atque
803 1807 941 1874 Romulo
966 1807 1059 1872 initio
1079 1808 1207 1873 tabulae

108 1921 293 1994 narrantur,
328 1933 366 1974 ea
394 1933 545 1997 magnam
574 1919 698 1996 partem
727 1932 800 1976 cum
827 1911 868 1977 iis
895 1911 1098 1977 consentiunt
1124 1933 1207 1994 quae

109 2015 196 2105 apud
213 2015 346 2081 Livium
368 2022 553 2096 ceterosque
574 2012 778 2087 historiarum
800 2015 973 2100 scriptores
992 2014 1205 2083 inveniuntur.

110 2120 204 2203 Quae
230 2128 338 2184 autem
365 2139 439 2203 pag.
462 2117 537 2184 533.
561 2116 601 2181 de
623 2115 764 2181 secunda
785 2117 948 2183 eversione
965 2116 1085 2183 Troiae
1108 2117 1206 2183 subii-

109 2225 246 2304 ciuntur,
268 2230 301 2286 et
322 2227 446 2301 cetera,
469 2217 548 2284 haec
570 2219 677 2283 omnia
699 2241 758 2305 pro
779 2219 873 2306 nugis
894 2227 989 2302 atque
1006 2219 1127 2286 fabulis
1149 2220 1206 2285 ha·

107 2324 214 2392 benda
235 2329 318 2388 suut.
361 2319 477 2404 Neque
499 2330 607 2386 tamen
628 2322 674 2385 ita
695 2323 772 2386 ficta
794 2340 862 2386 esse
883 2320 1047 2405 videntur,
1067 2331 1106 2388 ut
1128 2322 1207 2387 nihil

108 2429 176 2494 veri
198 2429 231 2491 in
252 2425 292 2489 iis
312 2424 426 2502 lateat3
450 2422 511 2488 hoo
534 2432 657 2489 tanturn
680 2424 850 2491 dicendum
871 2425 942 2508 erit,
963 2425 1059 2490 talem
1081 2427 1117 2491 in
1139 2448 1206 2491 mo-

108 2532 184 2597 dum
207 2537 240 2595 et
261 2527 460 2593 saeculorum
482 2534 514 2591 et
535 2535 697 2612 gestarum
726 2549 831 2592 rerum
856 2527 1000 2594 ordinem
1022 2529 1064 2594 ab
1086 2529 1206 2595 Ethico

107 2634 287 2721 neglectum
311 2651 390 2711 esse,
411 2636 448 2692 ut
468 2629 545 2712 quid
568 2639 680 2696 auctor
700 2629 753 2694 ille
774 2629 954 2716 significare
969 2632 1106 2697 voluerit
1117 2632 1207 2698 haud

106 2736 201 2802 facilc
222 2733 426 2819 intelligatur.

197 2835 306 2918 Quare
333 2841 370 2912 ut
396 2835 546 2901 brevibus
574 2860 642 2902 rem
670 2857 745 2900 sane
780 2834 1000 2903 difficillimam
1028 2837 1205 2920 absolvam,

107 2940 260 3007 Ethicum
275 2945 418 3003 nostrum
433 2937 473 3002 de
488 2939 578 3005 bellis
589 2938 677 3022 loqui
692 2938 926 3022 affirmaverim,
939 2941 1055 3024 quibus
1068 2952 1207 3015 exeunte

108 3043 235 3109 saeculo
264 3042 360 3107 tertio
381 3042 549 3128 imperium
571 3040 751 3105 Romanum
774 3026 961 3111 vexabatur.
1007 3045 1206 3131 Accepimus

107 3147 191 3212 enim
213 3168 277 3211 non
299 3145 401 3211 solum
415 3145 622 3211 Valerianum
636 3143 867 3229 Imperatorem
889 3147 1129 3230 (253-260.)‚
1151 3172 1207 3213 ve-

106 3272 178 3314 rum
200 3249 296 3314 etiam
319 3245 489 3314 Claudium
510 3246 599 3311 illum
615 3244 791 3313 Gothicum
815 3250 894 3335 (268
901 3252 1037 3332 2270.)
1057 3271 1120 3316 nec
1141 3273 1206 3316 non

107 3349 566 3438 Aurelianumrt270-275l
597 3357 692 3432 atque
714 3349 858 3418 Probum
885 3353 1110 3438 (276-282.)
1134 3377 1204 3421 sac·

107 3456 235 3539 pissime
257 3455 410 3528 adversus
432 3448 570 3533 Gothos,
593 3452 800 3538 Alamannos,
821 3456 977 3540 Francos,
996 3457 1205 3542 Batavosque

106 3558 247 3644 aliasque
273 3567 386 3646 gentes
414 3554 515 3617 aciem
544 3552 744 3635 instruxisse3
775 3565 807 3621 et
831 3559 1048 3641 „Francorum
1074 3559 1206 3648 Regum

106 3660 228 3728 Gesta“
253 3682 336 3747 quae
357 3679 455 3742 supra
475 3655 539 3719 iam
560 3655 760 3723 laudavimus
782 3683 846 3727 non
860 3663 1042 3746 Romulum,
1058 3670 1094 3728 ut
1108 3661 1206 3729 Ethi-

106 3786 178 3847 cus,
201 3764 259 3832 sed
281 3759 541 3827 Valentinianum
562 3759 589 3824 I.
613 3759 843 3846 Imperatorem
867 3767 1103 3849 (stt-375.)
1129 3789 1205 3831 curn

104 3867 239 3933 Francis
261 3872 294 3929 et
315 3861 429 3928 Alanis
451 3861 619 3927 dimicasse
641 3864 793 3931 scribunt.

174 4021 243 4082 529)
264 4021 384 4074 Ceterum
400 4026 465 4086 ride,
485 4039 549 4087 quae
568 4026 599 4073 de
618 4027 714 4090 origine
732 4029 821 4078 harum
838 4030 980 4080 tabularum
997 4032 1109 4095 disputat
1126 4030 1204 4080 Leib-

103 4111 183 4158 nizius
200 4111 227 4158 in
246 4107 404 4166 „Annalibus
421 4111 523 4172 Imperii
542 4109 712 4174 Occidentis“‚
736 4115 800 4162 edid.
821 4114 852 4164 G.
865 4116 897 4164 H.
910 4117 991 4178 Perta,
1010 4124 1070 4166 tom.
1084 4117 1104 4166 Ι.
1132 4118 1204 4168 Han·

103 4207 210 4242 noveras
231 4191 306 4241 1843.
326 4190 367 4242 8⁰.
387 4210 441 4256 cap.
456 4195 524 4253 VIII,
542 4209 599 4257 pag.
616 4195 655 4245 ll.
669 4205 732 4247 extr.
752 4206 778 4249 et
794 4214 850 4263 pag.
867 4201 907 4251 12.
919 4204 973 4253 init
