2736 4838
584 405 647 476 163

59 583 164 649 forma
184 582 314 668 quidem
336 580 504 668 abhorret,
531 583 636 670 neque
661 583 766 672 magis
788 583 888 649 distat
909 605 929 650 a
951 585 1088 672 septima
1108 587 1164 652 illa
1246 606 1249 610 “

60 688 113 753 cui
134 710 251 753 nomen
279 689 453 776 garfohy
479 688 644 774 apposuit3
677 688 777 754 altero
806 696 912 754 autem
935 688 1034 755 ductu
1058 689 1163 757 adhuc

60 790 246 879 Glagolitae
267 799 414 876 utuntur,
446 793 580 857 alterum
602 792 636 856 in
658 790 863 878 alphabetum
886 789 1097 880 Cyrillianum
1119 796 1162 860 ir-

58 895 197 982 repsisse
219 895 373 962 videmus.
417 895 546 962 Littera
566 898 678 981 quinta
700 904 733 961 et
755 903 847 961 sexta
867 896 1004 961 fumasse
1022 901 1100 962 bum
1122 903 1165 964 H

10 990 14 1000 ’
60 1002 146 1065 etr)
167 1021 285 1088 graeco
308 1001 524 1065 consentiunt:
553 999 719 1066 somethi
738 1007 828 1065 certe
850 1000 936 1064 nullo
958 999 1055 1066 modo
1076 999 1162 1068 idem
1287 1080 1292 1092 ί

59 1111 109 1170 est
131 1124 170 1168 ac
191 1103 379 1187 Matinum,
408 1103 450 1169 ad
477 1103 564 1189 quod
591 1127 674 1190 apex
700 1103 754 1169 ille
781 1103 928 1190 proxime
956 1104 1083 1171 accedit
1107 1108 1162 1191 qui

59 1206 146 1294 apud
167 1205 321 1272 Etbicum
349 1205 502 1294 iofithy
526 1207 668 1272 dicitur:
700 1205 816 1292 Neque
837 1207 942 1295 magis
963 1208 997 1273 in
1018 1210 1162 1276 ordinem

58 1311 149 1377 latini
169 1309 332 1396 alphabeti
351 1310 510 1395 quadrant
528 1309 672 1393 eset-hi,
689 1308 925 1396 chorizech,
939 1312 1160 1398 inthalech‚

59 1424 115 1481 aut
136 1416 260 1486 litterae
281 1413 432 1479 undecim
454 1436 533 1500 quas
556 1413 682 1480 addidit
697 1414 801 1480 codex
811 1414 999 1482 Vossianus.
1034 1416 1162 1486 Deinde

59 1519 242 1600 anathot,
273 1519 300 1584 si
323 1518 451 1604 quidem
474 1541 573 1605 pror
595 1518 636 1584 ab
658 1518 777 1584 Ethico
798 1527 988 1605 usurpatum
1010 1530 1075 1605 est,
1097 1546 1162 1589 una

58 1644 131 1688 oum
154 1623 359 1708 baraccyn
381 1630 414 1688 et
435 1623 580 1689 talmin
603 1621 724 1688 codicis
734 1621 887 1687 Vossiani
908 1623 980 1692 113.
1005 1624 1067 1689 alic
1089 1627 1160 1692 loco

58 1725 279 1793 collocandum
305 1729 375 1791 erit.
432 1725 523 1792 Nihil
552 1727 625 1793 dieo
661 1726 702 1792 de
730 1727 894 1792 elementis
922 1728 961 1792 iis
991 1729 1046 1815 qui
1073 1729 1161 1816 apud

10 1814 14 1827 ⁵
56 1830 209 1896 Ethicum
223 1831 318 1916 plane
332 1829 562 1913 desiderantur,
573 1838 610 1894 ut
625 1854 644 1895 v
659 1839 691 1894 et
707 1852 725 1894 c
739 1868 777 1877 —
788 1854 831 1895 oz
840 1829 934 1916 ethy
949 1833 1033 1896 enim
1050 1856 1114 1899 non
1129 1857 1159 1917 c,

57 1933 116 1999 sed
136 1932 246 2019 potius
269 1957 307 1998 ov
329 1954 497 2019 graecum,
523 1933 707 2020 significare
725 1933 853 1997 videtur
876 1971 914 1981 -
940 1935 1063 2000 scilicet
1085 1939 1161 2021 quia

57 2038 138 2103 alios
166 2058 293 2122 quoque
321 2036 500 2100 litterarum
528 2035 645 2100 ductus
674 2058 715 2100 ex
741 2035 831 2100 libris
858 2037 1160 2119 nostrisexcidisse

57 2162 156 2227 supra
184 2139 481 2206 demonstravimus.
533 2138 608 2205 Hoc
636 2148 744 2205 tamen
772 2138 985 2206 adiiciendum
1010 2144 1087 2226 erit,
1114 2145 1159 2210 al·

57 2242 203 2330 phabeti.
217 2242 361 2309 ordinem
388 2243 531 2310 funditus
560 2266 706 2311 eversum
735 2265 804 2310 esse
827 2265 847 2308 a
867 2243 997 2310 librario
1020 2269 1074 2330 eo,
1103 2249 1159 2333 qui

57 2348 178 2433 primus
201 2347 379 2412 litterarum
403 2348 532 2412 nomina
554 2356 610 2413 aut
633 2348 831 2436 excogitavit
853 2357 910 2413 aut
931 2349 1043 2415 saltem
1065 2323 1164 2437 plane

58 2453 263 2532 deformavit3
298 2451 385 2536 quod
414 2475 483 2516 eam
507 2451 549 2516 ob
577 2473 707 2517 causam
732 2451 899 2517 indoctum
926 2452 1087 2517 hominem
1112 2456 1158 2518 fe-

58 2558 138 2622 cisse
167 2554 342 2638 credimus,
371 2555 447 2640 quia
474 2562 602 2641 praeter
628 2553 763 2620 latinum
791 2553 996 2640 alphabetum
1023 2556 1159 2622 fortasse

57 2659 143 2724 aliud
165 2681 337 2744 numquam
359 2658 563 2742 viderat⁴⁰⁰).

142 2815 185 2881 V.
224 2814 319 2897 Quae
341 2838 440 2901 quum
460 2802 509 2881 ita
531 2815 606 2899 sint,
627 2814 715 2881 haud
736 2815 872 2880 multum
897 2813 993 2880 credo
1008 2815 1159 2902 offendet,

56 2919 193 2985 scribam
221 2921 311 2986 illum
340 2944 395 2987 eos
424 2921 627 3005 potissimum
656 2919 763 3004 apices
792 2919 922 2984 eiecisse
954 2921 1010 3002 qui
1041 2943 1158 2987 senos

56 3024 219 3110 linguae
241 3025 432 3109 proprios
449 3021 713 3090 sclavonicae
736 3022 905 3086 reddentes
926 3021 960 3084 in
983 3012 1157 3088 seriem'la·
1215 3038 1218 3043 ’

55 3127 195 3191 tinorum
217 3149 281 3190 non
304 3126 513 3211 quadrabant.
550 3124 627 3193 Sine
650 3123 747 3189 dubio
771 3132 877 3188 autem
899 3123 977 3188 talia
998 3125 1091 3212 signa
1113 3127 1157 3191 al·

28 3227 196 3314 phebeio
226 3250 283 3294 suo
314 3230 354 3295 ab
376 3231 540 3302 inventore
564 3227 675 3294 addita
696 3227 793 3293 fuisse
815 3225 907 3292 testis
930 3236 979 3293 est
1000 3227 1158 3314 interpres

54 3333 282 3420 Hieronymus.
328 3332 450 3401 Scribit
472 3333 556 3399 enim
578 3333 650 3397 loco
672 3354 769 3419 supra
790 3330 921 3396 laudato
930 3332 984 3414 ⁴⁰¹)
1004 3332 1157 3399 Ethicum

55 3458 147 3502 suos
170 3438 325 3523 apices,
348 3438 542 3523 reliquorum
558 3436 662 3503 ordini
683 3437 831 3521 insertos,
853 3437 887 3500 in
899 3436 1042 3502 medium
1060 3439 1158 3504 collo-

54 3563 160 3608 casse:
176 3540 235 3607 hos
251 3544 356 3635 autem
369 3565 388 3607 a
400 3541 598 3611 Sclavonicis
609 3541 753 3607 diversos
766 3563 830 3607 non
845 3542 943 3609 firissc
953 3542 1158 3630 perspicuum

55 3654 112 3710 est.
149 3643 258 3728 Quum
282 3646 365 3712 enim
388 3646 489 3712 exiis
512 3645 706 3739 quae‘initio
730 3645 845 3732 capitis
868 3647 1032 3712 attulimus
1053 3647 1157 3732 philo-

54 3747 191 3836 sophum
214 3757 358 3827 nostrum
381 3747 538 3817 Sarmatis
561 3750 628 3816 sive
644 3748 770 3817 Sclavis
792 3747 1066 3817 adnumerandum
1088 3774 1157 3818 esse

53 3860 179 3938 pateat:
203 3852 347 3937 sequitur
368 3852 503 3919 litteras<
515 3874 569 3918 eas
591 3874 671 3936 quas
692 3852 800 3918 latinis
823 3860 920 3938 atque
941 3855 1067 3943 muscis
1087 3856 1157 3941 ipse

123 4063 192 4129 400)
213 4067 333 4118 Ceterum
355 4081 388 4116 ne
413 4066 621 4132 GlagolitIcarum
644 4057 746 4131 quidem
768 4069 908 4120 litterarum
931 4070 1046 4121 ordinem
1063 4068 1156 4133 ubique

52 4159 149 4203 certum
168 4168 223 4204 esse
242 4153 352 4202 affirmat
370 4152 620 4217 Grubissichins‚
638 4156 655 4206 l.
669 4171 690 4206 c.
709 4170 767 4220 pag.
780 4155 823 4207 44.
877 4142 884 4163 ”

122 4235 191 4300 101)
210 4255 268 4304 pag.
283 4238 343 4302 511,
362 4256 384 4289 v.
399 4239 422 4290 5.
858 4236 861 4243 ’

892 4320 960 4391 11*
992 4299 1001 4366 ἴ
