2752 4844
670 384 712 452 95

232 558 282 626 12.
327 557 500 624 Ioannes
528 556 648 623 Picus
676 556 879 624 Mirandulae
901 556 1165 645 Concordiaeque
1188 582 1241 626 co·

141 683 209 728 mos
234 662 477 748 (†1494.)²⁴⁴)‚
500 658 675 749 Rogerium
696 662 859 728 Baconem
881 664 1060 752 castigans,
1084 712 1137 748 „..
1150 665 1242 750 adeo,

140 766 262 852 inquit,
290 775 328 831 ut
355 762 514 852 Rogerius
542 765 671 850 Bacon,
698 788 834 854 magnus
862 766 1054 854 astrologiae
1077 775 1242 854 patronus,

98 876 106 884 “
140 871 258 937 nullius
274 869 424 935 libentius
442 869 608 954 scriptoris
625 870 815 936 testimoniis
830 877 941 936 utatur
1022 868 1077 937 Sic
1093 894 1244 960 magnam

140 997 268 1061 quoque
282 974 336 1039 ille
357 974 454 1039 fidem
475 973 740 1059 praebetEthioo
761 972 964 1060 philosopho,
988 972 1078 1039 cuius
1099 975 1180 1041 liber
1202 975 1243 1041 de

142 1076 398 1165 Cosmographia
419 1076 591 1142 translatus
615 1076 732 1142 dicitur
754 1076 795 1143 ab
809 1076 1019 1162 Hieronymo.
1051 1076 1114 1143 Est
1136 1086 1243 1144 autem

139 1184 236 1250 lectio
259 1180 340 1247 adeo
363 1179 539 1245 deridicula
559 1180 703 1245 utnulla
723 1181 844 1269 magis,
867 1179 924 1246 sed
944 1179 1127 1264 frequenter
1145 1181 1244 1248 citata

140 1312 161 1354 a
174 1287 316 1375 Rogerio
337 1291 448 1350 nostro
469 1283 502 1348 in
515 1282 664 1367 Epistola
684 1282 726 1348 ad
741 1282 950 1366 Clementem,
972 1282 1020 1347 ita
1040 1292 1077 1348 ut
1098 1284 1164 1350 fere
1186 1285 1243 1350 ad·

141 1391 239 1456 ducat
262 1387 474 1476 compositum
495 1387 536 1452 ab
560 1409 597 1452 eo
618 1386 761 1452 libellum
791 1386 950 1473 quendam
974 1385 1027 1451 cui
1046 1387 1159 1454 titulus
1181 1388 1243 1472 „de

140 1492 301 1559 erroribus
331 1490 527 1558 studentium
548 1488 762 1577 theologiae“.
809 1489 884 1573 Quo
906 1489 1062 1574 imprimis
1083 1491 1243 1556 volumine

140 1597 256 1662 erroris
286 1602 471 1678 accusatur,
501 1592 587 1678 quod
615 1592 758 1683 theologi
784 1594 885 1659 nostri
907 1592 1060 1679 mysteria
1080 1593 1243 1680 religionis

139 1701 243 1788 magis
258 1721 299 1764 ex
313 1698 489 1765 Aristotele
506 1694 702 1782 caeterisque
717 1695 917 1785 philosophis
933 1697 1131 1780 confirment,
1147 1720 1242 1781 quam

140 1827 180 1870 ex
204 1802 391 1868 authoribus
413 1823 494 1884 quos
514 1798 611 1864 modo
633 1799 883 1884 nominavimus,
912 1799 1049 1884 Ethico,
1071 1800 1241 1886 Artephio,

141 1905 263 1973 Ovidio
286 1905 327 1970 de
348 1902 466 1985 vetula,
488 1903 656 1988 postisque
678 1901 865 1968 similibus“.
890 1911 951 1967 eto.

231 2110 281 2177 13.
327 2107 458 2175 Iosias
488 2106 634 2176 Simler
659 2108 693 2174 in
716 2107 888 2195 „Epitome
910 2106 1133 2174 Bibliothecae
1155 2105 1242 2174 Con·

139 2212 211 2279 radi
226 2210 383 2278 Gesneri“
397 2214 453 2295 ²⁴⁶)
469 2212 523 2277 fol.
540 2211 609 2279 48¹.
633 2210 673 2276 de
687 2210 807 2276 Ethieo
830 2210 942 2276 scribit
962 2210 1059 2276 haec:
1084 2208 1242 2295 „Ethicus

139 2315 252 2382 Hister
281 2315 411 2400 quidam
436 2317 566 2402 scripsit
588 2314 802 2401 Antiquitatis
823 2313 973 2380 historias
995 2335 1077 2400 quae
1100 2316 1140 2383 ab
1162 2316 1242 2383 Hie·

138 2442 274 2507 ronymo
295 2419 330 2483 in
348 2418 504 2484 Latinum
526 2440 704 2484 samonem
727 2416 889 2483 eGraeco
913 2440 1084 2485 conversae
1107 2419 1242 2485 credun-

139 2532 201 2589 tur.
253 2523 324 2588 Has
360 2522 476 2589 alicubi
503 2521 608 2588 Lilius
636 2521 737 2609 Greg.
769 2518 934 2607 Gyraldus
969 2522 1049 2586 citat
1075 2529 1241 2607 tamquam

138 2630 315 2694 extantes“.

224 2730 265 2795 In
285 2729 489 2796 Praefatione
518 2730 560 2796 ad
582 2727 870 2816 Pseudo-Aethici
898 2735 930 2793 et
951 2726 1113 2793 Itinerarii
1134 2728 1240 2793 Anto-

138 2834 205 2899 nini
227 2832 398 2900 editionem
420 2834 506 2900 idem
522 2832 639 2901 Simler
657 2832 697 2898 de
712 2831 832 2898 Ethico
847 2841 956 2898 nostro
970 2831 1137 2917 loquutus:
1163 2831 1241 2915 „Li-

137 2939 200 3004 lius
228 2934 409 3024 Gyraldus‚
436 2937 556 3022 inquit,
584 2936 618 3000 in
645 2936 727 3001 libro
756 2935 797 3001 de
825 2935 975 3024 Navigiis
1005 2935 1084 3000 citat
1107 2934 1240 3000 Aethici

137 3041 352 3126 Antiquitatis
373 3040 534 3122 historias,
557 3061 639 3123 quae
661 3038 702 3103 ab
721 3037 921 3125 Hieronymo
942 3039 977 3103 in
997 3037 1151 3103 Latinum
1174 3061 1240 3105 ser-

137 3164 265 3209 monem
288 3166 306 3208 e
328 3141 458 3206 Graeco
481 3162 653 3206 conversae
676 3138 858 3205 creduntur.
900 3140 1010 3206 Audio
1033 3139 1129 3204 etiam
1153 3141 1239 3229 apud

139 3245 190 3311 Ol.
212 3243 255 3311 V.
275 3244 314 3308 P.
337 3243 506 3309 Danielem
534 3243 797 3310 Aurelianensem
826 3253 935 3309 extare
964 3242 1096 3319 Aethici
1122 3244 1239 3310 librum

136 3351 199 3416 hac
228 3347 451 3434 inscriptione:
490 3345 584 3429 „Ina
615 3345 697 3412 liber
725 3346 856 3413 Aethici
885 3345 1107 3435 philosophico
1134 3346 1238 3413 editus

137 3454 277 3537 oraculo,
301 3451 534 3537 aHieronymo
556 3448 746 3537 presbytero
769 3452 941 3518 translatus
962 3452 997 3516 in
1011 3451 1175 3535 Latinum,
1198 3473 1238 3517 ex

137 3554 394 3645 Cosmographia
415 3562 449 3621 et
469 3554 581 3621 mundi
602 3553 792 3641 scriptura“.
834 3554 887 3622 De
910 3578 948 3622 eo
971 3556 1068 3623 etiam
1090 3555 1138 3622 sic
1159 3555 1237 3622 scri-

208 3769 277 3834 244>
297 3772 342 3823 eir.
360 3774 398 3824 Io.
415 3773 470 3823 Pici
488 3771 645 3821 Mirandulae
664 3771 873 3835 concordiaeque
892 3771 1011 3834 Comitis3
1029 3774 1092 3822 item
1103 3779 1178 3823 aomo
1197 3750 1245 3823 see

136 3861 220 3910 cundo
237 3860 340 3910 Ioannis
358 3859 487 3909 Francisoi
502 3857 557 3908 Pici
573 3856 706 3920 Principis,
725 3872 759 3907 cx
776 3859 867 3908 eadem
883 3857 974 3908 illustri
990 3857 1110 3923 prosapia
1127 3860 1236 3920 oriundi,

136 3944 223 4010 Opera
244 3961 309 4009 quae
333 3952 422 3996 extant
442 3947 534 3995 omnia
570 3944 655 3993 Editio
678 3943 774 3993 ultima.
810 3945 927 3995 Basileus
950 3960 996 4009 per
1013 3944 1111 3997 Sebast.
1130 3945 1235 3994 Hauria-

135 4039 235 4096 petmm
255 4030 331 4082 1601.
349 4047 430 4082 mens.
448 4031 577 4096 Septemb.
604 4032 632 4080 in
650 4030 693 4078 fol.
720 4037 782 4080 tom.
795 4030 815 4094 Ι,
833 4045 892 4096 pag.
904 4029 964 4082 284.

206 4115 274 4178 245)
293 4119 412 4182 Epitome
428 4119 603 4170 Bibliothecae
615 4116 729 4167 Conradi
741 4116 856 4181 Gasani,
874 4118 1027 4184 locupletata
1042 4132 1089 4183 per
1105 4117 1156 4168 Ios.
1169 4115 1234 4167 Sim·

134 4205 216 4255 lernm
234 4205 390 4269 Tigurinum.
426 4203 609 4268 Tiguri1555.
645 4204 673 4255 in
690 4203 735 4255 fol.
