2752 4844
661 414 723 483 153

229 593 260 658 2.
305 589 351 654 Et
378 588 483 675 primo
514 588 644 674 quidem
672 587 825 654 Ethicum
861 607 977 675 genere
1004 584 1150 674 Illyrium
1176 580 1261 651 non'

138 695 238 760 fuisse
260 694 328 760 veri
349 691 451 758 simile
472 701 538 774 est,
567 715 664 777 quum
693 693 753 759 sub
775 692 872 757 finem
894 689 1240 778 cosmographiaetss)

138 797 239 863 verba
267 797 465 862 inveniamus
493 795 589 861 haec:
626 794 794 882 „Explicit
819 795 901 861 liber
920 793 1033 860 Ethici
1059 792 1242 881 philosophi

140 899 378 988 Gosmographi
398 899 563 966 natione
585 898 804 988 Scythica,
831 897 932 964 nobili
953 899 1105 985 prosapia
1125 919 1241 983 paren-

138 1007 228 1070 tum“
252 1012 314 1069 etc.
359 1002 542 1090 Illyriorum
569 1003 654 1068 enim
682 1011 811 1091 gentem
839 1001 880 1067 ab
903 1000 1037 1088 Scythis
1064 999 1241 1066 diversissi-

138 1131 225 1174 mam
247 1129 318 1172 esse
338 1127 433 1170 nemo
455 1128 519 1171 non
540 1107 699 1194 intelligit
745 1103 822 1189 Qua
843 1127 884 1171 ex
904 1127 941 1170 re
963 1105 1122 1189 sequitur,
1146 1102 1241 1167 Ethi-

139 1233 213 1277 cum
227 1233 269 1275 ne
284 1209 327 1275 ad
336 1209 522 1275 A-ethices
537 1208 667 1294 quidem
681 1209 872 1294 pertinuisse
886 1209 920 1272 in
930 1209 1032 1294 Epiro
1047 1206 1240 1290 habitantes,

139 1336 275 1401 qnorum
290 1313 418 1399 saepius
433 1312 615 1396 Strabo³⁶²)
631 1312 787 1395 meminit,
801 1312 863 1377 etsi
876 1334 993 1377 nomen
1008 1310 1239 1393 Aethici³⁶³)

136 1441 198 1505 pro
219 1418 282 1483 illis
304 1416 458 1505 dimicare
477 1416 561 1482 forto
582 1415 743 1501 quispiam
765 1414 948 1481 contendet.
984 1413 1126 1480 Accedit
1142 1413 1241 1499 quod,

137 1522 166 1588 si
188 1520 381 1589 Strabonem
408 1522 588 1605 sequimur,
616 1527 723 1585 aetate
750 1520 818 1584 eius
839 1517 996 1584 Aethices
1016 1519 1085 1584 sive
1105 1518 1242 1584 extincti

137 1635 245 1710 erant,
267 1627 335 1691 sive
357 1647 399 1690 ex
419 1625 500 1690 locis
525 1632 621 1691 antea
642 1623 782 1690 obsessis
803 1621 1018 1689 discesserant
1029 1625 1101 1705 ³⁵⁴):
1130 1623 1241 1707 itaque

137 1728 198 1794 hos
211 1727 512 1815 praetermittendos
533 1750 604 1794 esse
624 1736 787 1814 putamus,
806 1728 910 1811 neque
923 1723 1169 1814 cosmographo
1182 1749 1241 1792 no·

137 1854 212 1898 men
233 1831 366 1896 Aethici
385 1831 485 1896 fuisse
504 1829 675 1913 credimus,
697 1830 756 1896 sed
777 1829 966 1912 Ethici³⁶⁵).

225 1933 316 2016 Quid
342 1931 463 2020 igitur?
489 1954 567 1998 num
595 1932 752 2019 Scythica
777 1932 930 2017 prosapia
951 1930 1104 1997 Ethicum
1132 1933 1240 1998 oriun-

138 2036 215 2102 dn‘m
237 2058 307 2102 esse
328 2034 569 2101 concedendum
591 2034 673 2102 erit?
696 2033 826 2102 Scimus
844 2043 970 2100 veteres
987 2035 1161 2120 scriptores
1182 2059 1240 2102 no-

136 2140 260 2206 tissimo
271 2162 360 2206 more
370 2138 480 2206 omnes
490 2141 556 2205 fere
570 2148 684 2228 gentes
698 2138 963 2225 septentrionales
978 2159 1060 2223 quae
1074 2138 1115 2204 ab
1124 2139 1239 2206 Histro

135 2242 211 2308 inde
232 2265 334 2329 usque
356 2242 399 2308 ad
413 2241 579 2330 Riphaeos
592 2250 717 2308 montes
731 2251 765 2307 et
778 2264 867 2308 mare
877 2239 1033 2327 Caspium
1047 2241 1239 2309 habitabant

136 2347 333 2434 Scytharum
353 2347 483 2413 nomine
505 2347 707 2434 designasse,
734 2347 782 2411 ita
808 2355 846 2410 ut
867 2368 932 2410 uno
953 2344 1111 2411 vocabulo
1134 2344 1240 2411 diver·

136 2450 278 2517 sissima
307 2450 454 2516 nationes
487 2449 795 2536 comprehenderent
809 2450 886 2532 ²⁶⁶).
943 2447 999 2515 Sic
1028 2447 1156 2512 nomine
1182 2448 1239 2513 illo

136 2553 347 2640 appellantur,
369 2553 398 2619 si
420 2553 566 2640 exempla
587 2551 751 2629 afferenda
770 2560 861 2635 sunt,
883 2549 1037 2638 Iazyges,
1059 2549 1239 2635 Sarmatae,

136 2657 257 2739 Sclavi,
274 2654 364 2742 Geti,
381 2655 496 2741 Gothi,
517 2656 631 2722 Hunni
652 2665 715 2726 etc.
738 2655 794 2740 qui
816 2675 927 2720 omnes
948 2653 1078 2719 minime
1099 2653 1143 2719 ad
1163 2676 1238 2720 ean·

136 2759 209 2827 dem
230 2764 364 2849 stirpem
384 2761 555 2848 pertinent
592 2757 690 2843 Nam,
712 2767 750 2824 ut
770 2758 922 2826 breuibus
944 2759 1163 2843 quaestionem
1177 2758 1238 2825 dif-

135 2942 167 2991 de
185 2957 213 2992 re
230 2944 287 2992 ride
304 2944 370 2993 inter
387 2944 438 2993 alia
453 2943 646 3006 inscriptionem
663 2941 748 3006 operia
760 2970 795 2980 -
807 2948 861 2991 tnm
877 2942 938 2990 inde
955 2941 1041 3004 colligi
1057 2947 1151 3004 potest,
1168 2942 1237 3003 quod

134 3028 279 3089 Romulum,
297 3029 323 3078 lu
337 3044 360 3078 e.
378 3030 508 3079 Romanos
527 3025 584 3089 (cfr.
602 3027 670 3076 inira
686 3033 763 3090 caput
777 3025 802 3075 3.
819 3033 845 3076 et
863 3040 967 3076 exrema
983 3027 1160 3090 dimumhonis
1177 3043 1238 3077 nos·

135 3107 200 3172 trae)
220 3128 278 3162 cum
295 3114 459 3177 popularibus
477 3115 529 3164 suis
547 3112 723 3163 cruentissima
740 3111 807 3161 bella
823 3112 933 3174 gessisse
945 3111 1225 3176 narratp.532-534.

205 3193 274 3258 351)
291 3213 350 3262 pag.
363 3197 424 3249 541.

205 3279 274 3344 352)
292 3284 371 3334 scilic.
388 3298 448 3348 pag.
461 3280 521 3344 323,
539 3281 601 3344 327,
618 3279 680 3343 430,
698 3279 758 3331 434.

205 3367 273 3432 353)
291 3371 408 3421 Nominis
430 3369 499 3419 auhn
521 3369 605 3418 forma
621 3365 779 3426 „Aethicus“
796 3381 844 3431 pro
863 3366 993 3426 ,tenid
1010 3369 1052 3418 vel
1069 3369 1235 3429 ,Aethicins“

134 3457 161 3505 in
183 3456 228 3506 tali
250 3458 335 3521 operis
356 3456 502 3507 conditione
523 3455 607 3504 minus
629 3454 743 3504 offendit
779 3454 825 3504 cfr.
843 3455 879 3503 M.
898 3454 1005 3518 Hanpts
1022 3456 1171 3506 Recension.
1185 3472 1236 3507 von

134 3543 262 3607 Kopitm's
276 3543 403 3607 Glngolita
417 3541 562 3603 clusianae,
579 3556 625 3591 ans
643 3542 703 3591 dem
720 3541 838 3590 LXXVI.
851 3541 940 3591 Bandc
958 3542 1004 3591 der
1013 3541 1173 3594 Jahrbiicher
1185 3529 1236 3594 ³‹lcr

134 3629 261 3679 Literatnr
277 3630 415 3679 besonders
433 3629 596 3692 abgodruckt.
631 3628 708 3678 Wren
728 3624 804 3677 1838.
834 3618 872 3676 8⁰.
901 3627 998 3691 pagii.

205 3711 273 3776 354)
292 3715 337 3764 cfr.
356 3714 508 3764 Strabonem
525 3729 583 3777 pag.
595 3712 662 3764 430:
693 3710 800 3763 Λοιπὸν
817 3704 844 3761 δ’
857 3712 915 3762 tart
933 3711 964 3762 τὸ
982 3713 1107 3781 ἑσπέριον,
1126 3709 1142 3763 ii
1161 3734 1235 3785 neps-

134 3799 263 3850 uktovoar
280 3799 398 3851 Αἰτωλοὶ
414 3800 459 3849 καὶ
473 3792 630 3868 Ἀκαρνᾶνες
647 3797 693 3847 καὶ
712 3792 866 3864 Magdolos
883 3829 930 3847 ..η
948 3798 994 3847 καὶ
1011 3795 1030 3862 ἡ
1047 3798 1110 3848 aar
1128 3800 1235 3852 Atat.

134 3903 194 3935 aare
212 3886 291 3935 ποτὲ
308 3884 463 3953 λεγομὲνη
479 3884 516 3951 γῆ
534 3883 627 3934 naui.
663 3883 709 3932 cfr.
728 3884 805 3933 etiam
822 3881 916 3945 Haupt,
934 3883 986 3933 hc.

205 3967 274 4031 355)
292 3970 338 4020 cfr.
357 3985 471 4034 eaquae
489 3985 566 4035 supra
582 3984 641 4034 pag.
654 3966 697 4030 88,
716 3952 768 4018 not
781 3966 842 4018 224.
861 3969 894 4018 de
911 3971 1014 4020 nomine
1032 3972 1169 4022 attulimus.

206 4053 273 4118 356)
293 4057 339 4106 cir.
356 4057 471 4111 Niebuhr
488 4057 733 4123 ,Untersuchungen
750 4055 814 4104 iiber
830 4055 872 4105 die
884 4056 1037 4107 Geschichte
1054 4058 1100 4106 der
1111 4056 1233 4120 Skythen,
1338 4122 1344 4131 ²

135 4142 218 4193 Gctsn
238 4144 290 4192 und
307 4141 466 4204 Sarmaten“,
487 4144 527 4192 in:
550 4143 642 4193 Kleine
660 4142 810 4192 historische
828 4142 880 4192 und
897 4142 1081 4206 philologiachc
1098 4141 1233 4202 Schriften,

133 4229 207 4279 Erote
225 4227 381 4292 Samnitum,
399 4229 476 4280 Bonn
494 4226 571 4280 1828.
590 4224 627 4280 8⁹.
645 4242 704 4294 pag.
717 4227 777 4280 354.
