2752 4844
653 415 715 482 177

134 590 287 656 idiomate
302 589 486 671 Slavonico,
508 598 547 653 et
564 588 806 656 charactere
824 588 859 658 S.
872 589 1100 678 Hieronymi
1122 593 1235 680 vulgo

134 701 366 778 nuncupato
394 691 610 778 conscriptos,
639 701 822 780 opportuna
846 694 1065 781 recognitione
1091 696 1236 783 indigere

134 804 334 882 compertum
362 796 419 860 sit:
448 818 507 860 nos
532 816 598 861 rec.
621 819 715 861 mem.
738 795 865 862 Urbani
893 820 997 885 papae
1018 796 1114 863 VIII.
1138 801 1235 864 etiam

134 897 388 987 praedecessoris
422 900 540 982 nostri,
580 898 634 984 qui
667 898 804 966 Missale
837 899 1004 987 Illyricum
1033 901 1236 968 emendatum

134 1005 225 1068 iuxta
245 1000 446 1088 nuperrimae
465 1001 550 1067 illius
571 1002 813 1068 reformationes
836 1002 1075 1070 charactere
1091 1004 1235 1070 Hiero-

133 1105 318 1194 nymiano
347 1124 385 1170 ac
407 1105 517 1192 lingua
536 1105 709 1173 Slavonioa
732 1106 819 1193 typis
841 1107 965 1194 vulgari
984 1106 1161 1191 mandavit,
1181 1133 1235 1174 ve·

135 1210 239 1296 stigiis
261 1208 478 1291 inhaerentes,
576 1209 747 1275 venerabili
768 1209 861 1274 fratri
882 1207 1039 1296 Raphaieli
1062 1211 1236 1297 archiepis·

135 1335 217 1399 copo
246 1311 427 1394 Achridae,
461 1334 519 1377 seu
546 1311 675 1377 Primae
702 1311 917 1396 Iustinienae,
950 1311 1172 1380 mandavimus
1199 1325 1236 1380 ut

133 1414 336 1480 Breviarium
362 1414 544 1501 Illyricum,
573 1424 647 1479 ante
676 1437 776 1480 annos
802 1423 931 1480 centum
951 1416 1158 1502 impressum,
1186 1441 1236 1484 re-

135 1525 362 1606 cognosceret“
386 1525 448 1583 eto.

222 1623 254 1689 1.
299 1620 448 1706 Denique
477 1620 728 1688 Benedictus
755 1621 865 1687 XIV.
887 1644 974 1707 papa
1002 1621 1090 1687 edita
1118 1625 1237 1690 consti-

134 1725 259 1789 tutione
287 1725 468 1811 praecepit:
514 1723 591 1806 „Ut
625 1748 736 1791 omnes
771 1725 980 1791 ecclesiastici
1007 1725 1089 1792 ritus
1118 1725 1236 1794 Slavo-

134 1827 264 1908 Latini,
294 1828 328 1890 in
349 1826 463 1892 Missis
485 1837 518 1891 et
539 1827 669 1893 Divinis
693 1829 807 1893 officiis
829 1836 994 1893 uterentur
1015 1830 1103 1894 solo
1130 1831 1237 1897 idio·

135 1939 237 1994 mate
266 1927 615 1995 Slavo-Litterali
642 1951 729 1994 cum
760 1927 1070 1996 characteribus
1090 1931 1237 1997 Hiero·

135 2033 365 2119 nymianis“.
397 2030 505 2114 Quam
520 2030 649 2116 quidem
666 2032 827 2117 pontificis
843 2033 1102 2099 constitutionem
1114 2032 1237 2101 Romae

138 2136 189 2203 18.
213 2135 288 2199 Kal.
314 2133 477 2220 Septemb.
497 2134 703 2221 pontificatus
725 2157 808 2200 anno
833 2136 884 2201 11.
908 2134 1028 2209 editam
1052 2144 1096 2223 (p.
1116 2134 1236 2204 Christ

136 2261 219 2303 anno
244 2239 352 2319 1754.)
377 2235 464 2322 apud
478 2239 777 2321 Assemannum⁴³²l
800 2238 1044 2324 transscriptam
1064 2241 1216 2307 invenies.

223 2340 276 2405 Ex
297 2340 387 2406 hisce
408 2340 504 2407 rebus
526 2340 673 2408 omnibus
695 2350 844 2428 apparet,
871 2349 997 2407 tantum
1019 2342 1107 2428 apud
1128 2344 1238 2413 sedem

136 2444 346 2530 apostolicam
374 2441 512 2509 valuisse
534 2465 734 2510 communem
758 2445 849 2509 illum
872 2444 1134 2512 Sclavenioarum
1160 2470 1239 2534 gen·

135 2549 217 2613 tium
238 2569 398 2612 rumorem
421 2546 462 2611 de
482 2546 597 2612 litteris
619 2569 640 2610 a
661 2546 696 2614 S.
712 2546 912 2633 Hieronymo
933 2548 1088 2631 inventis,
1119 2558 1156 2613 nt
1177 2573 1237 2635 pro

136 2674 212 2717 vero
235 2652 304 2716 sine
324 2651 391 2714 ulla
417 2649 617 2715 dubitatione
644 2673 717 2715 eum
738 2651 907 2736 pontifices
935 2651 1125 2735 acciperent
1170 2652 1239 2718 Ne·

136 2777 198 2839 que
213 2777 290 2819 vero
304 2754 493 2819 Innocentio
507 2752 569 2818 IV.
584 2752 720 2819 illusisse
738 2755 925 2840 epIsoopum
940 2751 1127 2821 Seniensem
1143 2778 1238 2840 quem

135 2857 336 2924 laudavimus
359 2855 511 2922 credibile
532 2860 659 2949 (181113).

156 2957 159 2961 ’
224 2964 255 3027 5.
294 2959 361 3027 Sed
383 2961 487 3046 magis
509 2961 607 3024 etiam
628 2970 773 3046 pugnant
794 2983 853 3046 pro
872 2960 907 3027 S.
929 2960 1130 3046 Hieronymo
1157 2985 1239 3048 quae

137 3060 225 3147 apud
252 3062 415 3147 Angelum
442 3061 554 3126 Rocca
581 3062 806 3148 legimus·⁴⁸⁴):
849 3061 983 3144 „Tertia
1010 3055 1164 3128 eiusdem*
1180 3088 1239 3151 pa·

137 3164 310 3228 rastaticae
332 3164 497 3228 columnae
525 3163 611 3248 (scil.
634 3164 668 3226 in
690 3160 869 3245 Vaticano)
899 3165 998 3229 facies
1021 3164 1056 3232 S.
1078 3165 1240 3255 Hierony-

137 3287 225 3330 mum
240 3264 481 3332 Stridonensem
557 3266 798 3350 litterarumque
820 3266 1021 3353 lllyricarum
1043 3268 1240 3336 inventorem

137 3463 276 3523 Ecclesiae,
294 3463 354 3511 data
373 3459 414 3510 18.
432 3461 490 3512 Kal.
509 3462 556 3513 Iul.
574 3463 664 3512 Indica
682 3462 740 3512 XII.
758 3477 817 3515 ann.
837 3460 897 3510 879.
917 3457 975 3520 (cfr.
992 3463 1073 3527 Epist
1092 3464 1240 3517 Decretales

138 3549 300 3599 Summarum
311 3547 470 3596 Pontificum.
483 3555 544 3597 tom.
553 3548 598 3596 III.
621 3548 719 3596 Romae
733 3545 808 3597 1591.
827 3548 872 3596 Iol.
894 3563 953 3611 pag.
966 3547 1028 3598 129.
1040 3565 1109 3600 num
1123 3548 1239 3612 CXCV.)

138 3634 171 3683 Et
195 3634 307 3682 eiusdem
329 3633 428 3696 epistol.
453 3634 486 3682 ad
503 3633 727 3697 sfentopulchrum
744 3635 876 3695 comitem,
900 3635 960 3684 data
976 3635 1240 3686 M.·Inn.1ndiotione

137 3719 208 3768 XIII.
227 3734 285 3767 ann.
304 3716 365 3768 8811.
403 3714 465 3777 (cfr.
483 3718 564 3781 Epist.
583 3719 731 3768 Decretales
754 3728 815 3769 torn.
832 3721 882 3781 III,
909 3734 967 3783 pag.
985 3719 1144 3770 169-171.
1171 3737 1240 3772 num.

139 3799 304 3863 ccxnvn)
535 3805 539 3812 ·
843 3790 847 3795 '

209 3885 278 3950 182)
297 3888 314 3938 l.
327 3903 349 3938 c.
368 3896 429 3939 tom.
441 3890 487 3951 IV,
505 3905 563 3953 pag.
575 3887 636 3958 118.
649 3904 687 3951 sq.

209 3971 278 4035 183)
299 3973 345 4023 cir.
363 3974 457 4038 Haupt.
476 3975 528 4024 lc.
546 3990 604 4039 pag.
619 3973 659 4023 11.
1024 4031 1027 4035 ,

209 4056 278 4121 181)
297 4060 325 4111 F.
344 4058 438 4122 Angeli
454 4060 554 4121 Rooca,
573 4059 712 4120 Camertis,
731 4057 834 4110 Ordinis
852 4059 879 4110 S.
896 4061 1042 4124 Augustini,
1060 4062 1178 4125 Apostol.
1196 4061 1242 4112 Sa·

138 4146 213 4195 orarii
229 4145 364 4205 Praefecti,
383 4161 413 4195 ao
429 4146 551 4210 Episcopi
567 4147 704 4209 ragusan,
724 4142 810 4209 Opera
827 4147 913 4196 omma
931 4148 1022 4198 edente
1035 4147 1142 4213 Aloysio
1157 4147 1241 4199 Contt.

138 4232 212 4280 Tom.
224 4231 257 4279 Π.
288 4231 385 4281 Romae
406 4229 481 4280 1719.
512 4232 556 4281 tol.
586 4245 645 4296 pag.
657 4229 755 4283 244.B.

1002 4314 1043 4380 12
