2752 4844
681 400 851 467 19.

145 574 283 659 operis
309 573 453 639 adiectis.
499 570 598 654 Quod
626 581 733 639 eutem
762 575 796 638 in
824 572 936 639 codice
957 572 1130 640 Parisiensi
1151 576 1249 646 4808.

146 679 216 743 sive
237 698 292 759 eo,
322 701 363 742 ex
391 699 455 761 quo
478 674 688 742 Gronovians
708 676 785 742 Iulii
806 673 954 747 Oratoris
976 675 1251 766 Cosmograpbiue

145 789 220 847 orta
239 780 421 864 est-editio,
444 782 548 868 prima
569 780 625 848 illa
646 781 844 865 excerptoris
864 781 964 849 verba
985 783 1084 847 scibo.
1108 782 1251 865 „Excer-

144 895 203 972 pta
225 887 295 950 eius
316 883 481 971 Sphoerae
604 884 837 970 excerpendam
860 906 931 949 esse
952 885 1179 969 credidimus“‚
1200 911 1250 954 re·

145 1000 200 1055 eto
222 999 319 1075 utque
341 1011 418 1053 vero
440 988 553 1054 ordine
573 988 731 1075 neglecto,
752 988 786 1053 in
809 988 915 1072 capite
935 989 1010 1056 libri
1029 991 1187 1057 collocate
1202 993 1250 1059 in·

143 1094 331 1175 veniuntur,
359 1091 422 1158 boc
450 1094 484 1157 ni
505 1093 600 1157 fallor
624 1114 696 1157 eam
718 1092 761 1157 ob
783 1114 913 1158 causam
935 1117 956 1158 a
976 1093 1107 1160 librario
1127 1095 1250 1161 factum

142 1206 208 1280 est,
237 1198 314 1282 quia
340 1197 464 1261 ratione
491 1196 566 1261 libri
591 1194 677 1260 haud
701 1204 871 1280 perspecta
897 1199 1097 1281 prooemium
1119 1199 1172 1264 ille
1194 1199 1250 1265 de·

142 1300 315 1366 siderabat.

232 1402 362 1469 Deinde
383 1425 461 1468 vero
481 1402 606 1487 reliqua
627 1403 825 1488 excerptoris
846 1403 955 1486 verbo,
981 1405 1104 1469 scilicet
1126 1403 1192 1486 „Et
1213 1415 1251 1471 ut

144 1506 227 1571 haec
253 1508 337 1572 ratio
364 1506 407 1572 sd
435 1505 626 1592 compendia
652 1507 717 1572 ista
745 1504 884 1573 deducte
910 1508 945 1573 in
965 1508 1088 1575 nullum
1109 1531 1249 1574 errorem

142 1609 240 1675 cadet
260 1618 322 1675 cet
430 1619 585 1693 quatuor,
607 1611 782 1676 utiterum
805 1609 928 1694 dicem,
951 1633 1143 1677 oceanorum
1163 1612 1248 1679 ratio
1342 1625 1345 1630 '

141 1737 207 1779 non
234 1712 551 1800 praetermittends“‚
578 1738 619 1779 ne
647 1716 716 1780 sine
743 1714 808 1778 nllo
838 1737 934 1780 sensu
962 1737 1032 1780 esse
1054 1714 1249 1799 viderentur,

141 1819 176 1882 in
197 1817 261 1881 fine
281 1816 356 1880 libri
378 1816 566 1880 collocanda
589 1826 689 1881 erant
735 1815 812 1898 Qua
833 1819 867 1882 in
889 1842 924 1883 re
945 1819 1094 1884 librarius
1120 1819 1174 1883 ille
1201 1820 1248 1882 sic

141 1928 289 1984 versatus
310 1926 370 1999 est,
394 1927 433 1983 ut
454 1919 552 1983 etiam
573 1918 673 1984 verbs
696 1919 801 2001 „Sunt
823 1923 907 1985 enim
930 1944 988 2006 per
1010 1921 1120 1986 orbem
1142 1931 1247 1986 totum

141 2031 247 2086 terrae
272 2043 382 2086 cosmo
404 2019 680 2109 Cosmogrspbiae
702 2031 763 2086 cet.
870 2032 985 2109 gentes
1006 2020 1107 2105 ΧΨ,
1137 2047 1248 2107 quam·

141 2149 240 2211 quam
261 2134 400 2209 quatuor
420 2147 613 2191 oceanorum
635 2125 827 2210 compendia
853 2127 1047 2216 praeoedere
1077 2125 1248 2211 debebant,

139 2230 210 2296 sive
229 2252 335 2295 errore
356 2227 497 2312 quodum
519 2231 587 2295 sive
607 2251 667 2315 per
688 2228 851 2295 levitatem
874 2231 982 2314 animi,
1005 2253 1070 2296 uns
1084 2252 1158 2297 cum
1172 2254 1247 2316 pro-

140 2335 226 2400 xime
253 2333 517 2400 antecedentibus
545 2358 565 2399 a
592 2334 728 2419 pristino
760 2356 819 2400 suo
846 2335 920 2400 loco
947 2345 1120 2400 amoveret.
1172 2335 1247 2400 Hac

140 2439 241 2525 igitur
263 2439 388 2503 ratione
409 2438 640 2504 sententiarum
661 2461 764 2503 nexus
782 2439 832 2504 ita
852 2438 1001 2507 turbatus
1024 2447 1085 2521 est,
1113 2437 1247 2523 utquid

140 2550 255 2607 unctor
276 2541 384 2607 dicere
405 2541 542 2606 voluerit
562 2540 651 2607 houd
671 2541 766 2607 facile
787 2541 948 2628 intelligas
962 2545 1027 2624 ¹¹⁶).

227 2643 345 2729 Neque
366 2667 444 2709 vero
463 2645 572 2710 locum
593 2645 685 2711 illum
703 2644 853 2711 librarius
868 2644 1036 2728 intellexit,
1059 2646 1115 2729 qui
1133 2665 1245 2709 secun·

139 2746 215 2813 dam
237 2750 454 2814 recensionem
477 2748 587 2814 edidit.
633 2747 721 2831 Quia
743 2749 827 2815 enim
849 2748 948 2814 verba
971 2748 1157 2833 „Excerpts
1178 2749 1246 2813 eius

139 2851 303 2938 Sphaerus
425 2853 658 2938 excerpendam
679 2875 751 2919 esse
773 2851 987 2918 credidimus“
1011 2854 1044 2917 in
1067 2853 1159 2916 initio
1181 2849 1246 2917 Co-

138 2955 365 3044 smographise
386 2956 502 3042 posita,
525 2959 609 3021 sicut
631 2959 752 3043 optime
773 2957 947 3043 perspexit,
970 2957 1075 3020 minus
1098 2963 1176 3040 apta
1197 2957 1245 3020 vi-

138 3058 298 3124 debantur
320 3097 362 3106 —
384 3082 459 3122 nam
482 3081 564 3142 quae
586 3069 778 3144 sequuntur,
800 3081 865 3123 non
881 3057 1051 3145 'Excerpts
1073 3068 1165 3141 sunt,
1187 3058 1245 3123 sed

137 3160 215 3226 Iulii
229 3158 377 3226 Oratoris
392 3157 648 3247 Cosmographie
668 3164 795 3248 integra
818 3199 859 3208 -
882 3161 910 3224 is
928 3158 1058 3244 quidem
1071 3185 1130 3248 pro
1146 3160 1245 3227 verbo

139 3262 490 3349 „excerpendsm“
513 3265 643 3350 scripsit
665 3263 1009 3349 „exponendam“‚
1031 3263 1118 3348 quod
1134 3286 1245 3330 omnes

136 3367 233 3433 buius
247 3369 441 3434 recensionis
456 3367 531 3432 libri
544 3370 754 3455 manuscripti
768 3367 929 3434 exhibent.
960 3366 1055 3450 Quae
1076 3389 1128 3432 res
1143 3390 1244 3452 quan·

136 3481 206 3535 tum
229 3470 408 3536 subsidium
430 3472 606 3537 sententiae
620 3474 749 3539 nostrae
764 3471 927 3559 praebeat,
950 3473 1108 3537 neminem
1122 3481 1161 3537 ut
1175 3495 1244 3539 ore·

137 3573 244 3641 dimus
266 3575 406 3664 effugiet
447 3574 575 3642 Revera
596 3573 680 3641 enim
696 3578 803 3662 ipsum
817 3575 892 3641 Iulii
906 3575 1043 3642 Honorii
1065 3599 1147 3662 opus
1170 3587 1243 3644 ante

209 3788 276 3852 116)
300 3792 386 3854 Quare
403 3795 472 3844 mun
488 3774 581 3845 meula
599 3794 697 3845 ssent
713 3792 891 3844 summum
913 3795 945 3842 se
967 3794 1018 3843 noc
1039 3794 1098 3844 1000
1121 3795 1157 3845 iu
1177 3797 1242 3846 iudi-

135 3893 209 3929 casse
226 3895 252 3943 p.
265 3877 325 3929 stt.
343 3888 398 3930 not.
410 3881 449 3931 2:
474 3881 536 3943 „On
552 3882 606 3930 voit
621 3896 654 3929 su
672 3881 781 3942 premier
803 3895 870 3942 coup
892 3880 967 3930 d'oeil
988 3880 1106 3930 combien
1123 3890 1189 3930 cette
1206 3883 1241 3931 le·

136 3979 188 4027 con
205 3973 245 4015 est
260 3967 403 4030 preferable
420 3983 458 4017 sn
475 3967 655 4031 galimstiss
674 3967 713 4015 dn
730 3968 903 4016 manuscrit
920 3965 1017 4029 4808,
1040 3967 1185 4016 fidelemcnt
1201 3981 1241 4016 rc-

135 4052 239 4114 prodnit
255 4069 302 4117 par
318 4052 424 4104 Gronov
439 4067 465 4116 p·
479 4052 545 4103 ost:
567 4053 693 4116 „Propter
707 4053 808 4115 sliquos
829 4054 956 4105 annaeus
978 4069 1012 4105 ne
1029 4054 1158 4103 intellectu
1175 4052 1241 4105 forte

135 4138 244 4200 legentis
260 4141 402 4202 perturbet,
426 4151 452 4189 et
473 4142 535 4191 vitio
557 4140 631 4189 nobis
653 4139 800 4193 schrostiris
818 4149 899 4203 esset,
921 4143 963 4192 hic
980 4139 1166 4202 excerpendem
1184 4154 1240 4190 esse

135 4223 312 4274 credidimus“.

994 4307 1014 4371 2
1025 4303 1040 4332 ἢ
