2752 4844
638 720 668 803 s.
696 720 727 784 ι.

151 840 391 915 anemnnrvu
416 862 684 914 onnoomncvu
706 864 751 913 nr
774 863 1014 913 unumunurn
1039 862 1219 926 Qvonono

340 949 446 999 mma
468 948 508 999 sn
534 947 772 999 COHAEREANT
794 947 1025 998 erroremve.

223 1088 441 1176 Alphabetnm
457 1086 688 1176 Glagoliticum
711 1096 744 1153 et
759 1086 944 1174 Cyrillizam
962 1111 1002 1153 ex
1019 1086 1137 1153 eodem
1151 1089 1237 1153 fonte

135 1202 223 1259 ortas
250 1215 320 1258 esse
349 1191 605 1259 doctissimorum
633 1190 796 1256 hominum
825 1190 990 1254 sententiis
1018 1191 1235 1256 confirmatur.

135 1297 260 1382 Magna
279 1293 355 1361 inde
377 1295 462 1361 acies
483 1296 567 1359 inter
588 1316 643 1358 eos
664 1294 812 1358 instituta
833 1301 892 1376 est,
915 1316 1012 1378 quum
1035 1290 1237 1379 9141489)ογ-

135 1399 304 1479 rillianum,
328 1395 690 1483 alii⁴⁹⁰)Glag01iticum
713 1395 843 1461 alterius
864 1395 1006 1461 dicerent
1024 1396 1237 1481 archetypum

136 1501 241 1566 finisse.
275 1500 322 1563 Ilt
338 1500 483 1584 profecto
500 1523 559 1585 pro
580 1500 642 1564 illis
659 1499 761 1563 multa
777 1521 920 1585 pugnare
937 1499 1143 1581 videbantur,
1165 1522 1237 1563 nam

136 1611 224 1670 certo
251 1602 369 1667 certius
392 1610 454 1684 est,
484 1600 688 1687 alphabetum
705 1599 893 1687 Gyrillicum
920 1626 1003 1668 anno
1028 1602 1108 1670 870.
1137 1602 1237 1666 indic-

136 1707 222 1771 tione
236 1704 363 1786 111.⁴⁰¹)
387 1728 406 1769 a
428 1702 639 1769 Constantino
661 1703 931 1789 Philosopho⁴⁹²l
956 1706 1010 1790 qui
1030 1703 1150 1770 deinde
1171 1702 1236 1790 Cy-

136 1811 226 1875 rillus
248 1807 436 1893 appellatur,
457 1806 621 1871 inventum
644 1829 729 1888 esse,
752 1806 808 1873 sed
832 1807 910 1873 nihil
932 1817 1044 1875 contra
1067 1807 1237 1873 videbatur

137 1913 178 1977 de
200 1910 405 1999 Glagolitiois
427 1910 571 1996 apicibus
593 1918 749 1975 constare.

225 2011 319 2095 Quae
341 2036 438 2098 quum
460 2014 668 2078 intellexisset
688 2012 737 2076 vir
754 2014 977 2100 sagacissimus
992 2014 1153 2100 Iosephus
1170 2015 1236 2079 Do

136 2116 287 2202 browslry
301 2113 567 2203 Glagoliticarum
583 2117 762 2183 litterarum
777 2126 950 2199 auctorem,
968 2139 1062 2201 quem
1077 2118 1236 2182 incertum

136 2226 233 2285 vocat
247 2218 443 2299 Dalmatar'n,
455 2216 659 2303 alphabetum
671 2215 858 2304 Cyrillicum
874 2220 1039 2304 antiquum
1056 2222 1188 2286 nonnisi
1205 2222 1235 2285 in

136 2320 360 2406 compendium
381 2319 543 2407 redegisse
566 2320 789 2404 contendebat,
809 2324 941 2386 retentis
962 2322 1093 2407 quidem
1115 2324 1236 2389 littera·

135 2448 207 2490 rum
228 2422 418 2505 nominibus,
441 2422 499 2487 sed
521 2423 669 2489 ductibus
691 2447 751 2510 pro
771 2425 898 2511 ingenio
920 2448 977 2490 suo
998 2426 1149 2492 formatis
1172 2435 1236 2492 eta

135 2530 278 2615 priomm
299 2527 403 2590 forma
425 2524 517 2590 valde
539 2525 673 2601 diversis
683 2529 754 2609 498).
793 2526 860 2593 Sed
881 2528 945 2611 ille,
968 2551 1031 2613 quo
1054 2538 1126 2594 erat
1148 2531 1234 2617 inge

136 2632 181 2696 nii
201 2629 355 2711 acumine,
378 2636 411 2692 et
431 2627 596 2715 pugnandi
618 2629 731 2694 ardore
752 2630 846 2695 simul
859 2630 998 2713 inflatus,
1013 2634 1119 2719 magis
1134 2632 1235 2697 indies

136 2741 231 2816 atque
253 2732 357 2816 magis
378 2730 494 2795 infesto
518 2731 623 2795 animo
640 2731 792 2797 adversus
808 2729 1005 2820 Glagolitica
1020 2735 1232 2817 surrexit⁴⁹⁴).

205 2988 273 3052 480)
292 2999 350 3042 ante
367 2992 431 3042 alios
449 2994 505 3042 ride
523 2993 692 3056 Dobrovium,
715 2996 835 3045 Institutt.
853 2997 913 3060 ling.
933 2996 1022 3048 Slavic.
1043 2997 1064 3057 ξ.
1083 2999 1115 3048 V.
1135 3014 1195 3063 pag.
1211 3000 1233 3048 5.

136 3110 169 3118 —-
188 3079 339 3151 Glagolitica
355 3093 413 3141 pag.
426 3076 468 3126 84.
488 3109 522 3118 -
540 3079 625 3129 Slavin
642 3096 700 3144 pag.
714 3079 773 3130 430.
787 3096 824 3143 sq.

205 3161 273 3225 490)
292 3163 446 3214 Grnbissich.
465 3164 481 3213 l.
495 3179 517 3214 c.
535 3180 592 3227 pag.
607 3164 648 3213 74.
668 3165 711 3215 75.
729 3196 763 3205 -
780 3167 887 3216 Dobner
903 3168 920 3216 l.
933 3182 955 3217 c.
974 3168 1074 3232 p.102.
1093 3170 1141 3219 cfr.
1161 3171 1233 3220 etiam

134 3251 241 3300 Linhart
257 3250 274 3298 l.
287 3264 309 3298 c.
327 3256 390 3298 tom.
401 3249 434 3309 11,
452 3264 510 3312 pag.
524 3247 681 3299 sas-356.
701 3281 735 3290 -
752 3252 829 3313 Kohl,
847 3253 864 3301 l.
877 3268 898 3302 c.
918 3268 973 3316 cap.
986 3256 1018 3304 Π.
1037 3253 1059 3314 ξ.
1074 3254 1099 3305 3.
1118 3272 1180 3320 pag.
1193 3255 1233 3307 80.

134 3343 187 3385 not.
211 3367 240 3374 -
258 3335 378 3395 Niebuhr,
397 3335 521 3398 Vortr'age
539 3336 601 3384 iiber
618 3337 668 3384 alte
686 3337 798 3386 Linder-
817 3354 840 3386 u.
854 3338 1035 3389 Vtilkerkunde
1054 3350 1104 3390 etc.
1123 3357 1152 3406 p.
1165 3341 1222 3393 303.

204 3417 273 3478 401)
293 3421 337 3468 cir.
356 3421 516 3484 Dobrowsky
535 3421 631 3483 „Cyrill
648 3437 673 3469 u.
691 3422 821 3471 Methorl.“
841 3454 875 3462 -
893 3425 1008 3489 Kopitar‚
1028 3426 1162 3490 Glagolita
1178 3427 1234 3479 clo-

136 3506 221 3553 aianus
238 3504 344 3566 praefat.
362 3520 420 3568 pag.
432 3506 527 3554 XXXI.
542 3513 594 3554 not.
607 3505 632 3554 2.

205 3584 274 3647 492)
298 3588 342 3637 cfr.
366 3589 473 3652 Epistol.
496 3590 598 3639 Ioannis
616 3589 685 3639 VIII.
708 3605 789 3655 papae
812 3593 843 3640 ad
865 3593 1091 3660 Sientopulchrnm
1114 3599 1234 3649 comitem

135 3689 202 3722 anno
219 3670 280 3722 880.
299 3674 404 3723 editam:
425 3671 541 3738 (Epistol.
555 3676 702 3725 Decretales
721 3683 768 3725 etc.
784 3677 830 3738 111,
847 3694 905 3743 pag.
918 3679 979 3729 470.
997 3697 1052 3731 nro.
1067 3679 1234 3743 ccxnvss.)

136 3759 260 3816 „Litteras
278 3759 386 3822 denique
398 3759 557 3811 Sclavonioas
577 3777 592 3810 a
610 3761 777 3812 Constantino
796 3765 923 3825 qnondam
934 3765 1093 3832 Philosopho
1112 3778 1235 3834 repertas,

135 3843 225 3906 quibus
243 3842 301 3891 Deo
322 3844 409 3894 laudes
432 3847 531 3897 debitae
553 3855 684 3909 resonent,
706 3849 760 3898 iure
782 3848 939 3899 laudamns“.
961 3881 996 3891 -
1018 3853 1065 3903 cfr.
1084 3855 1165 3905 etiam
1183 3856 1235 3905 Do-

135 3928 251 3990 browsky
269 3925 366 3990 „Cyn'll
383 3944 407 3977 ιι.
425 3930 547 3982 Method“
566 3940 613 3982 eto.
632 3948 689 3997 pag.
704 3932 745 3983 35.
764 3932 785 3992 ξ.
799 3933 829 3995 t;
848 3932 869 3992 ξ.
884 3934 907 3982 7.
927 3931 963 3998 (p.
977 3934 1019 3987 33.
1034 3935 1103 4001 sqq.)
1124 3948 1175 3991 etc.

203 4008 272 4072 403)
291 4011 336 4061 cfr.
359 4013 532 4080 Dobrowsky,
554 4018 674 4069 Institntt.
693 4020 754 4081 ling.
773 4018 863 4070 Slavie.
881 4018 902 4078 ξ.
918 4021 949 4069 V.
968 4038 1026 4085 pag.
1040 4024 1065 4072 5.
1085 4055 1121 4065 -
1142 4014 1236 4091 uligo

134 4098 202 4149 litiea
218 4114 276 4163 pag.
290 4097 332 4149 36.
351 4105 398 4147 etc.

202 4180 270 4241 494)
289 4184 355 4233 Vide
373 4183 476 4247 Hauptii
496 4185 527 4233 de
545 4186 676 4236 Dobrovio
694 4187 815 4237 iudicium
832 4189 848 4237 l.
862 4204 883 4237 c.
902 4205 960 4253 png.
975 4190 1016 4241 10.
1038 4191 1080 4243 ll.

283 4316 300 4349 l
