2752 4844
675 382 695 449 3

227 560 278 628 12.
308 555 563 645 Cosmographie
585 539 757 623 d'llthicus
778 555 920 621 traduite
942 578 1026 642 pour
1038 557 1071 621 la
1085 557 1241 640 premiere

134 665 196 770 fois
212 688 250 729 en
260 661 415 745 Francais
430 685 490 748 par
501 661 550 725 M.
558 660 747 727 L.Baudet.
776 659 870 726 Paris
881 656 920 725 O.
927 658 968 725 L.
977 659 1016 726 F.
1025 659 1241 726 Panckouchc

135 767 280 833 Editeur.
320 766 417 836 1843.
455 763 501 834 8⁰.

221 1184 297 1249 Iulii
322 1181 460 1248 Honorii
487 1179 635 1248 Oratoris
664 1180 829 1265 Excerpta
857 1178 1012 1266 Lugduni
1041 1179 1240 1246 Batavorum

136 1312 156 1351 a
178 1285 353 1352 Gronoviis
375 1284 463 1350 edita
484 1293 559 1350 sunt
581 1307 656 1349 cum
677 1282 791 1369 Pomp.
814 1281 914 1364 Mela,
936 1282 1077 1348 Aethico
1100 1293 1162 1349 oet.
1187 1309 1242 1350 an·

136 1391 186 1454 nis
211 1390 306 1458 1681.
332 1387 427 1456 1685.
456 1388 549 1456 1696.
576 1389 671 1455 1722.

225 1491 334 1560 Orosii
357 1492 535 1577 Tripertita
556 1491 745 1577 Descriptio
767 1487 885 1554 Mundi
913 1489 988 1555 inde
1010 1513 1030 1554 a
1051 1491 1155 1577 prima
1176 1491 1241 1558 Ios.

137 1594 265 1663 Simleri
287 1595 425 1661 editione
440 1592 716 1683 Cosmographise
731 1594 863 1659 Aethici
884 1595 944 1660 sub
966 1595 1029 1660 hoo
1044 1595 1138 1662 titulo
1155 1596 1242 1662 adie-

137 1709 191 1764 cta
214 1710 277 1766 est:
310 1701 407 1783 „Alia
428 1702 528 1765 totius
552 1698 650 1764 Orbis
672 1699 890 1785 Descriptio“.
937 1699 1057 1764 Exstat
1079 1708 1186 1765 autem
1208 1701 1242 1764 in

137 1805 283 1870 omnibus
298 1805 336 1868 P.
353 1801 462 1868 Orosii
483 1802 689 1868 historiarum
712 1804 906 1870 editionibus
928 1805 962 1868 in
983 1804 1056 1868 libri
1074 1805 1170 1889 primi
1192 1827 1242 1871 se-

138 1908 243 1971 cundo
267 1906 381 1990 capite.

224 2009 382 2076 Antonini
408 2007 611 2073 Itinerarium
639 2007 767 2093 saepius
797 2018 893 2072 antea
914 2010 1054 2092 editum,
1082 2009 1124 2073 ad
1145 2010 1243 2075 libro·

137 2137 208 2177 rum
237 2113 527 2198 manuscriptorum
563 2111 659 2176 fidem
694 2133 816 2198 paucos
845 2120 918 2178 ante
948 2136 1047 2178 annos
1076 2112 1244 2178 ediderunt

136 2216 212 2282 VV.
237 2215 299 2281 Cll.
322 2213 490 2280 Gustavus
512 2215 656 2301 Parthey
679 2225 713 2280 ct
732 2214 909 2282 Mauritius
931 2217 1052 2283 Pinder
1068 2219 1111 2299 ι).

225 2321 373 2404 Denique
394 2320 506 2385 Ethici
534 2319 740 2404 Philosophi,
773 2342 869 2403 quem
896 2322 1020 2405 fenmt‚
1048 2319 1243 2408 Cosmogra-

136 2423 256 2508 phiam‚
267 2433 438 2510 postquam
453 2445 512 2509 per
523 2421 764 2507 quatuordecim
775 2424 842 2488 fera
856 2425 986 2489 saecula
1001 2426 1096 2490 latuit
1108 2425 1242 2490 D'Ave·

137 2528 219 2591 zacii
234 2529 319 2592 curis
332 2550 435 2613 nuper
449 2527 695 2613 promulgatam,
709 2549 774 2592 606
789 2528 857 2593 sine
869 2529 978 2593 fructu
989 2527 1185 2613 inspeximus
1193 2532 1230 2609 ²).

649 2749 679 2832 s.
699 2749 730 2814 a.

178 2893 376 2944 AVCTORVM
396 2894 457 2956 QV1
474 2894 521 2943 DE
539 2893 696 2943 AETHICO
716 2893 951 2944 SCRIPSERVNT
968 2895 1207 2947 ENVMERATIO.

225 3027 287 3091 His
315 3027 414 3114 igitur
440 3027 591 3092 subsidiis
619 3027 769 3092 instructi
796 3037 925 3094 noctem
953 3029 1039 3093 illam
1070 3037 1166 3113 atque
1194 3039 1242 3094 te·

138 3129 270 3209 nebras,
297 3151 379 3211 quae
406 3129 571 3212 hucusque
604 3131 696 3212 quasi
722 3130 863 3195 Aethico
892 3132 1015 3195 offusae
1044 3141 1150 3214 erant,
1182 3157 1242 3218 pro
1289 3132 1292 3137 ’

140 3231 224 3295 virili
245 3238 339 3316 parte
360 3231 477 3315 pellere
500 3233 606 3297 conati
628 3254 749 3315 sumus,
771 3233 799 3298 si
820 3234 903 3298 forte
924 3234 1018 3300 nobis
1038 3233 1075 3299 id
1091 3236 1242 3302 succede·

137 3341 188 3398 ret
209 3334 372 3418 perlicere,
396 3334 483 3420 quod
503 3336 579 3400 inde
601 3336 641 3401 ab
666 3359 748 3400 anno
773 3337 857 3404 1575
876 3347 909 3403 et
924 3341 1122 3426 temporibus
1136 3339 1242 3406 Iosiac

139 3437 256 3504 Simler
282 3437 499 3523 nequidquam
528 3439 622 3504 multi
652 3451 870 3527 suscepenmt.
914 3443 977 3508 Est
1008 3446 1092 3509 enim
1119 3467 1171 3510 res
1200 3444 1242 3512 ad

137 3540 345 3605 iudicandum
372 3565 448 3609 sane
478 3544 682 3628 difficillima,
713 3567 811 3631 quum
838 3546 878 3610 de
902 3556 1032 3612 auctore
1053 3548 1125 3636 ipso
1147 3558 1180 3613 et
1202 3548 1242 3613 de

137 3643 227 3709 libris
250 3644 317 3710 eius
339 3669 420 3730 quos
444 3648 669 3734 conscripserit
690 3655 758 3713 tam
780 3650 888 3716 variae
912 3674 950 3716 ac
973 3652 1117 3718 diversae
1139 3652 1241 3718 homi-

211 3856 243 3922 1)
261 3861 420 3910 Itinerarium
437 3860 562 3910 Antonini
579 3861 690 3924 Augusti
708 3870 735 3912 et
752 3863 1010 3928 Hierosolymitanum
1028 3879 1061 3914 ex
1078 3865 1148 3914 libris
1165 3881 1241 3914 manu

139 3947 238 4010 scriptis
261 3949 395 3997 ediderunt
418 3946 449 3998 G.
466 3948 576 4011 Parthey
600 3957 626 3997 et
647 3947 801 3999 1116061.
838 3951 952 4000 Borolini
973 3951 1099 4015 Impensis
1121 3951 1241 4000 Friderici

137 4033 244 4083 Nicolai.
273 4031 350 4083 1848.
378 4032 420 4082 8⁰.

208 4115 243 4181 2)
262 4120 339 4170 th.
359 4121 391 4171 (16
409 4120 507 4170 l'Acad.
520 4121 566 4170 das
577 4121 744 4185 Inscriptions
757 4129 784 4172 61
793 4122 999 4175 Bellus-Latmos.
1023 4122 1151 4173 Premiere
1163 4123 1242 4187 Stn'a,

137 4212 207 4256 tome
224 4207 258 4256 11.
287 4207 359 4258 Paris
379 4206 456 4258 1852.
487 4204 530 4258 4⁰.
561 4223 619 4272 pag.
633 4206 791 4259 tot-551.

993 4288 1041 4358 1„
