2752 4844
588 380 631 445 45

54 556 130 621 Iulii
152 555 289 620 Honorii
312 553 460 620 Oratoris
483 549 772 641 Cosmographiam
794 552 841 616 ita
863 552 1098 631 immutaverat,
1125 557 1161 611 ut

10 672 13 680 '
54 682 174 725 novum
198 660 289 742 quasi
313 681 393 744 opus
417 656 559 722 extitisse
580 655 752 721 videretur.

144 761 216 827 Iam
239 784 316 828 vero
339 784 433 846 quem
455 768 523 824 tam
546 780 677 824 caecum
701 781 769 824 esse
791 768 897 845 putas,
923 768 959 823 ut
981 779 1045 822 non
1065 757 1161 843 plane

54 864 165 930 videat
187 888 227 930 ex
248 864 311 930 hoc
323 863 542 930 Casanatense
562 863 645 928 libro
659 863 766 945 tertia,
789 861 942 947 adquam
961 882 1045 926 nunc
1056 866 1160 924 trans·

54 968 149 1051 imus,
173 968 334 1053 quomodo
357 976 469 1036 exorta
491 967 534 1032 sit
554 965 720 1032 recensio?

511 1268 710 1275 ——--—.

438 1547 659 1666 CAPVT
695 1548 782 1667 lV.

136 1757 199 1821 DE
229 1756 432 1822 TERTIAE
464 1754 777 1824 RucuNSIONIS
807 1753 987 1821 INDOLE
1018 1752 1076 1817 ΕΤ

463 1860 618 1927 LIBRIS
648 1860 750 1927 MSS.

566 2039 595 2120 s.
619 2035 649 2104 a.

300 2182 349 2231 DE
367 2183 518 2232 TERTIAE
536 2179 763 2233 R-ECENSIONIS
779 2179 919 2230 INDOLE.

73 2362 79 2369 -
144 2313 201 2379 Ad
223 2315 396 2381 secundam
419 2318 517 2404 igitur
532 2314 808 2404 Cosmographiae
829 2313 1044 2380 recensionem
1072 2311 1161 2377 codi-

55 2440 109 2484 ces
122 2418 283 2504 pertinent
296 2442 376 2502 quos
391 2418 555 2505 hucusque
574 2419 892 2485 commemoravimus
906 2439 1038 2482 numero
1053 2415 1158 2493 XHI3

54 2523 167 2607 reliqui
197 2530 304 2587 autem
328 2522 460 2587 XLIX.
491 2547 625 2608 quorum
653 2530 778 2609 partem
806 2529 932 2585 tantum
962 2520 1159 2584 accuratiore

55 2625 195 2710 quadam
217 2625 332 2690 notitia
354 2626 493 2710 amplexi
516 2650 641 2709 sumus,
664 2646 773 2691 omnes
795 2624 923 2688 tertiam
946 2645 1043 2707 quam
1064 2642 1160 2686 voca·

53 2752 125 2794 mus
151 2730 368 2795 recensionem
397 2730 563 2796 exhibent:
594 2731 677 2795 hanc
706 2751 782 2794 vero
811 2726 944 2793 eandem
971 2748 1158 2810 essequam

55 2832 193 2901 Simlero
222 2833 303 2898 duce
332 2832 606 2922 Cosmographiae
637 2833 776 2898 editores
804 2833 892 2919 typis
921 2828 1159 2917 exprimendam

53 2944 248 3002 curaverunt
270 2960 366 3022 supra
388 2938 536 3003 diximus.
584 2936 651 3005 Sed
677 2945 715 3001 ut
736 2936 849 3000 melius
870 2935 1067 3020 intelligatur
1089 2931 1159 3017 qui·

53 3040 117 3104 bus
143 3039 343 3123 potissimum
371 3041 466 3106 rebus
495 3042 590 3105 tertia
618 3063 637 3103 a
665 3039 805 3103 secunda
831 3038 1015 3102 recensione
1038 3036 1159 3100 discre-

54 3162 136 3226 pare
162 3140 324 3224 videatur,
350 3141 413 3206 hoc
437 3143 509 3206 loco
530 3163 635 3227 pauca
656 3140 749 3205 nobis
772 3139 812 3204 de
835 3148 950 3204 natura
971 3140 1039 3204 eius
1062 3147 1157 3222 atque

53 3243 162 3310 indole
185 3243 321 3309 dicenda
343 3252 426 3310 sunt.

142 3348 189 3412 Et
215 3348 353 3434 primum
383 3347 511 3434 quidem
541 3350 690 3436 vulgatae
719 3348 913 3414 recensionis
945 3347 1019 3413 libri
1047 3368 1158 3410 manu-

54 3452 181 3537 scripti,
212 3449 461 3518 Casanatensem
489 3452 633 3518 codicem
655 3452 706 3517 vel
728 3454 795 3518 eius
817 3452 925 3538 potius
948 3450 1157 3537 archetypum

55 3556 198 3640 sequuti,
224 3577 288 3620 non
317 3557 420 3621 solum
442 3554 551 3622 Orosii
579 3556 826 3642 descriptionem
856 3554 941 3620 orbis
964 3552 1157 3641 Cosmogra·

53 3658 151 3745 phiae
180 3657 381 3741 adiecerunt,
410 3682 520 3724 verum
549 3660 646 3724 etiam
673 3658 747 3723 inde
768 3660 875 3724 locum
898 3657 1155 3742 desumpserunt:

57 3762 185 3846 „Iulius
207 3758 328 3826 Cacsar
355 3762 528 3827 bissextilis
555 3762 688 3825 rationis
717 3763 883 3826 inventor“
914 3770 975 3827 etc.
1028 3760 1155 3826 Deinde

54 3888 149 3948 vero,
178 3886 241 3948 quo
270 3865 389 3929 arctius
415 3873 524 3950 partes
545 3864 651 3948 operis
673 3864 955 3951 coniungerentur,
984 3866 1039 3950 qui
1061 3864 1155 3928 huius

54 3968 248 4034 recensionis
277 3976 389 4034 auctor
418 3968 540 4051 extitit,
568 3966 745 4034 Orosianae
767 3967 1002 4055 Descriptionis
1030 3967 1155 4052 praefa-

55 4073 174 4137 tionem
204 4070 338 4138 adiectis
366 4072 477 4158 paucis
506 4092 565 4135 nec
596 4093 660 4135 non
684 4070 861 4138 immutatis
883 4073 953 4138 aliis
974 4073 1007 4135 in
1028 4071 1153 4135 initium

55 4172 328 4264 Cosmographiae
356 4175 533 4242 transtulit:
564 4173 663 4240 verba
690 4175 813 4243 scilicet
843 4176 1059 4260 „Lectionum
1081 4198 1153 4260 per·
