2736 4838
660 350 665 358 ’
739 384 801 452 162

218 563 347 650 linguae
367 561 438 628 soni
459 559 734 646 exprimebantur3
764 575 863 644 quare
891 581 931 625 ne
946 561 1083 625 -numeri
1106 559 1240 643 quidem
1264 561 1327 625 ele-

219 673 399 732 mentorum
424 663 615 750 respiciendi
642 672 724 729 suut.
771 661 911 729 Accedit
933 663 1021 750 quod
1042 664 1224 729 litterarum
1247 662 1327 729 Gla·

221 770 422 858 goliticarum
443 776 541 853 atque
556 765 782 855 Cyrillicarum
799 768 924 833 numeri
938 767 1026 834 haud
1040 768 1145 856 magis
1161 776 1325 849 constant3

221 896 295 939 nam
324 871 529 958 alphabetum
557 870 789 958 Glagoliticum
817 871 904 958 apud
932 873 1011 943 Ant.
1034 871 1175 937 Liuhart
1201 872 1327 938 litteras

221 977 320 1045 habet
347 978 406 1056 323
435 975 523 1063 apud
550 974 752 1041 Dobrovium
780 975 839 1056 323
870 975 958 1062 apud
980 976 1098 1064 Angel.
1124 974 1238 1042 Rocca
1267 977 1325 1057 33;

95 1091 97 1095 ‘
222 1082 359 1166 denique
387 1079 474 1166 apud
500 1079 693 1165 Kopitarem
720 1079 762 1149 39
775 1080 830 1163 ³⁹¹)
862 1088 918 1145 aut
939 1082 983 1149 49
995 1082 1063 1160 ⁸⁹²).
1103 1079 1326 1166 Alphabetnm

223 1184 413 1273 Cyrillicum
426 1183 513 1271 apud
528 1181 657 1249 eosdem
671 1191 819 1250 auctores
838 1184 934 1250 modo
950 1185 1074 1264 37³⁹³);
1093 1183 1190 1249 modo
1207 1183 1250 1253 39
1258 1185 1325 1268 ⁸⁰⁴),

224 1301 280 1359 aut
301 1291 343 1360 43
352 1291 425 1373 ³⁹⁶);
448 1285 546 1354 modo
560 1287 667 1370 44996)
685 1287 735 1352 vel
751 1289 856 1372 45397)
873 1287 982 1373 apices
1004 1286 1305 1374 complectitur⁸⁹⁸).

311 1395 396 1463 Tum
410 1415 487 1459 vero
507 1390 764 1478 antiquissimum
781 1390 859 1458 illud
872 1391 1133 1460 Sclavenicarum
1146 1391 1327 1461 litterarum

224 1499 435 1586 archetypum
455 1504 532 1583 post
552 1503 602 1562 tot
618 1496 747 1561 saecula
764 1496 872 1580 paullo
891 1497 1065 1562 increvisse
1084 1497 1199 1561 talium
1221 1519 1325 1562 rerum

224 1624 342 1692 gnaros
369 1599 456 1666 haud
483 1622 602 1688 magna
630 1605 716 1664 certe
741 1598 951 1666 admiratione
974 1599 1109 1684 afficiet,
1137 1602 1326 1685 praesertim

225 1708 301 1793 quia
328 1705 369 1771 de
397 1701 525 1791 graecis
550 1703 714 1770 elementis
740 1710 773 1770 et
793 1703 901 1771 latinis
923 1704 1034 1770 eadem
1056 1705 1324 1790 accepimns³⁰⁹);

118 1852 121 1856 -
225 1834 264 1878 co
286 1807 389 1896 magis
408 1806 508 1896 igitur
530 1806 701 1873 dolendum
722 1807 815 1873 nobis
837 1816 896 1891 est,
919 1808 1007 1893 quod
1028 1807 1206 1875 scribarum
1227 1809 1325 1897 negli-

224 1912 335 2002 gentia
354 1911 481 1997 pristini
504 1933 542 1976 ac
564 1911 632 1976 veri
647 1910 764 1976 ductus
782 1911 909 1998 apicum
926 1917 1094 1998 tantopere
1108 1913 1228 1978 mutati
1242 1922 1323 1996 sunt,

224 2025 260 2083 ut
280 2015 465 2081 melioribus
486 2013 616 2080 tandem
639 2014 804 2081 co'dicibus
826 2016 962 2101 repertis
984 2017 1066 2081 ratio
1081 2040 1128 2082 ea
1154 2040 1215 2104 pro
1239 2024 1324 2082 certo

224 2119 359 2187 indicari
380 2119 493 2205 possit,
516 2140 580 2203 qua
601 2128 781 2204 temporum
805 2119 942 2186 decursu
965 2142 1005 2185 ex
1027 2119 1200 2208 alphabeto
1215 2119 1323 2186 Ethici

224 2224 417 2290 recentiores
436 2222 559 2288 formae
582 2218 797 2309 Glagoliticae
819 2223 977 2290 deductae
999 2238 1068 2291 'esse
1090 2223 1269 2290 videantur.

311 2429 372 2496 IV.
415 2428 546 2495 Etenim
574 2428 699 2495 litteras
726 2429 838 2497 Ethici
863 2432 898 2497 in
925 2431 1015 2498 libris
1038 2431 1267 2519 manuscriptis
1288 2454 1322 2497 ex

224 2535 311 2601 omni
332 2542 424 2622 parte
444 2532 591 2599 turbatas
613 2555 682 2600 esse
703 2533 768 2598 iam
787 2535 972 2601 inconditus
994 2536 1123 2602 omnino
1140 2535 1257 2603 harum
1271 2535 1322 2601 do·

225 2647 277 2705 cet
299 2637 413 2719 ordo,
443 2658 536 2722 quem
566 2661 586 2703 a
614 2639 694 2703 serie
722 2639 893 2705 latinorum
915 2638 1043 2726 apicum
1065 2638 1234 2707 discedere
1256 2663 1320 2727 per·

224 2743 370 2828 spicuam
391 2749 457 2822 est,
480 2741 539 2806 etsi
561 2762 670 2807 onmes
691 2741 764 2807 libri
794 2764 875 2828 quos
902 2741 1098 2829 inspeximus
1125 2743 1255 2810 illorum
1277 2766 1321 2809 or·

225 2845 311 2910 diue
325 2842 514 2928 procedunt.
567 2842 656 2925 Quin
684 2845 780 2911 etiam
808 2845 981 2912 Hrabanus
1010 2844 1164 2930 Maurus,
1200 2849 1321 2934 apicum

224 2947 403 3014 nominibus
418 2946 584 3034 deceptus,
598 2948 731 3036 singulis
745 2949 861 3015 latinas
875 2951 998 3016 litteras
1013 2950 1195 3044 adscripsit.
1229 2949 1321 3037 Quod

225 3052 354 3138 quidem
375 3051 458 3117 male
479 3050 661 3119 institutum
683 3076 752 3120 esse
775 3053 883 3121 statim
898 3053 1075 3141 apparebit,
1098 3056 1127 3121 si
1139 3055 1263 3125 formas
1275 3056 1320 3121 lit·

223 3166 363 3223 terarum
377 3155 485 3242 paullo
500 3157 680 3224 accuratius
693 3158 932 3244 inspexerimus.
961 3159 1109 3229 Primum.
1120 3159 1206 3227 enim
1220 3161 1322 3227 littera

223 3262 336 3345 tertia,
358 3282 455 3344 quam
476 3259 595 3348 oathy
619 3261 724 3328 scriba
746 3262 934 3349 appellavit,
957 3287 977 3330 a
998 3286 1127 3351 gamma
1145 3287 1267 3352 graem
1288 3285 1321 3329 ne

295 3522 363 3585 391)
382 3525 427 3575 cfr.
447 3523 546 3588 Glagol
566 3525 678 3577 Gloriam
697 3528 748 3577 tab.
761 3528 793 3578 11.

295 3607 362 3671 392)
378 3609 424 3660 cfr.
442 3610 593 3662 Psalterlum
610 3612 736 3665 Rememc
754 3616 985 3678 supralaudatum,
1002 3617 1115 3667 tabulam
1133 3619 1154 3668 I.

295 3692 362 3758 393)
382 3696 551 3748 clr.L1nbart
568 3699 584 3748 l
598 3714 620 3748 c.

295 3782 362 3846 394)
380 3785 426 3835 cir.
444 3786 750 3850 Dobrowsky,1nstitutt.
770 3787 860 3839 Slavic.
878 3788 975 3852 pagml
994 3784 1084 3849 (tabul
1095 3787 1144 3851 Il.)

258 3919 263 3928 ,
293 3867 425 3932 395)cfr.
443 3873 562 3923 Roccal.
576 3888 597 3922 c.

230 3963 233 3979 ¹
292 3953 359 4018 336)
379 3957 424 4007 cfr.
444 3958 543 4022 Glagol.
563 3957 633 4010 Olor.
652 3960 703 4009 l..c

292 4039 359 4105 397)
379 4045 424 4094 cfr.
443 4045 593 4096 Psslterium
608 4047 734 4096 Ramcnsc
752 4047 804 4096 Le

347 4126 392 4191 )

346 4215 357 4276 )

292 4127 343 4180 338
377 4132 434 4180 vide
453 4133 528 4182 etiam
547 4131 783 4182 Grubissiehiuml.
796 4148 818 4181 e.
836 4148 894 4203 pag.
908 4132 950 4184 44.
968 4140 1028 4197 post
1045 4134 1154 4184 initium.

291 4213 340 4264 399
377 4218 422 4267 cfr.
441 4218 516 4269 Plinii
534 4219 599 4268 Hist.
618 4219 705 4268 Natnr.
723 4218 780 4268 Lib
794 4219 850 4282 VII,
869 4234 924 4282 cap.
936 4219 1004 4282 LVI,
1023 4219 1141 4270 sect57.
