2752 4844
664 423 706 491 29

223 598 364 682 Accedit
381 637 416 650 -
435 597 464 662 si
479 597 607 683 quidem
622 598 684 663 hoe
699 599 772 662 loco
787 598 881 664 nobis
898 621 936 663 ea
950 599 1135 685 praecipere
1149 599 1236 682 licet,

135 724 217 786 quae
244 702 370 767 nonnisi
395 701 600 787 sequentibus
621 701 748 789 paginis
769 701 815 766 ita
837 724 873 766 se
893 700 1012 767 habere
1034 700 1236 788 comprobari

133 814 270 892 possunt
296 843 338 853 —
366 803 452 891 quod
479 829 520 871 ex
547 805 609 870 hac
638 803 778 869 secunda
800 802 1075 892 cosmographiae
1097 804 1237 870 editione

135 909 232 975 tertia
259 909 326 975 sive
348 932 387 974 ea
408 918 480 974 orta
502 917 551 974 est
572 909 732 991 recensio,
761 931 843 993 quae
872 907 959 994 apud
979 909 1043 974 Ios.
1065 907 1236 977 Simlerum

135 1022 322 1099 ceterosque
345 1012 483 1079 editores
504 1012 678 1093 invenitur3
702 1011 760 1077 sed
781 1013 828 1077 ita
849 1021 921 1077 orta
936 1021 995 1095 est,
1017 1021 1054 1076 ut
1074 1012 1109 1076 in
1130 1010 1236 1076 medio

134 1118 301 1202 utriusque
320 1118 515 1183 recensionis
537 1116 657 1180 Dicuili
678 1116 759 1181 liber
780 1125 814 1181 et
835 1115 956 1181 codicis
977 1114 1116 1180 Romani
1136 1113 1238 1180 casa·

134 1223 277 1287 natensis
299 1229 363 1287 stet
385 1219 615 1309 apographum.
660 1220 790 1285 Etenim
813 1216 1039 1284 casanatensis
1060 1218 1151 1302 liber,
1176 1219 1238 1284 etsi

134 1325 263 1390 saeculo
285 1322 414 1389 demum
435 1324 533 1391 XIV.
552 1325 722 1405 'exaratum
751 1331 859 1388 tamen
887 1322 955 1387 sive
982 1330 1072 1386 recta
1093 1323 1148 1386 via
1169 1322 1238 1387 sive

134 1452 194 1515 per
215 1429 383 1494 circuitum
405 1426 584 1513 descriptus
607 1435 656 1492 est
672 1450 712 1491 ex
726 1425 838 1491 codice
853 1424 1031 1510 deperdito,
1055 1448 1148 1510 quem
1163 1433 1238 1509 post
1282 1455 1284 1459 ¹

133 1533 259 1597 initium
281 1532 401 1598 saeculi
422 1532 530 1596 octavi
551 1531 768 1615 conscriptum
791 1553 856 1594 non
876 1529 974 1594 fuisse
996 1527 1238 1594 concedendum

135 1645 193 1701 est
227 1635 314 1701 Nam
336 1635 399 1701 hoo
421 1634 533 1700 eodem
550 1633 598 1718 (id
621 1642 670 1699 est
691 1634 820 1716 octavo)
840 1632 1238 1699 saeculoVindobonensis

134 1740 216 1804 liber
237 1749 387 1805 exaratus
408 1747 467 1821 est,
494 1738 549 1822 qui
569 1739 691 1802 fontem
712 1737 811 1803 habet
831 1737 946 1802 tertiae
967 1737 1160 1802 recensionis
1182 1759 1237 1802 co·
1327 1752 1330 1757 “

136 1843 240 1906 dicem
263 1865 348 1924 eum,
370 1865 464 1925 quem
486 1840 568 1904 infra
590 1841 697 1904 littera
712 1841 753 1905 A.
778 1842 984 1928 signavimua
1007 1850 1040 1907 et
1057 1841 1167 1926 quiex
1183 1862 1237 1905 co·

137 1945 217 2011 dicis
239 1942 466 2008 casanatensis
488 1942 663 2027 exemplari
684 1952 779 2008 natus
800 1953 860 2009 est.

789 2099 868 2162 [Cod.
880 2100 913 2152 X.
933 2118 998 2152 saec.
1008 2100 1086 2164 vm]

638 2205 715 2269 [eos.
728 2208 759 2256 r.
767 2170 1113 2271 W!

498 2275 964 2405 [eZ-W·
1041 2351 1189 2400 n

354 2382 808 2512 [conam
890 2420 954 2471 con.
968 2422 1062 2470 niam

154 2528 218 2578 Cod.
231 2487 669 2578 Vindobw
719 2525 901 2576 Codcasana-
917 2493 1043 2541 mem

253 2613 319 2647 ⁸⁸0⁰·
332 2599 402 2648 Vffl·
717 2598 795 2645 tensis
805 2597 900 2645 s.XIV.

486 2667 550 2717 Cod.
562 2666 688 2730 Neapolit.
701 2666 860 2716 Borbonicus

604 2752 671 2787 saec.
684 2738 742 2787 XV.

223 2874 333 2958 Quare
356 2875 476 2941 codicis
492 2873 719 2941 casanatensis
742 2876 951 2964 archetypum
968 2873 1065 2959 (cod.
1079 2872 1129 2960 Z.)
1151 2874 1238 2960 quod

136 3006 176 3047 ex
197 2981 319 3046 Dicuili
342 2979 463 3044 codicis
485 2980 659 3065 exemplari
676 2976 772 3064 (cod.
787 2979 843 3063 Y.)
869 2978 1063 3064 descriptum
1087 3003 1155 3045 esse
1179 3002 1236 3044 suo

124 3087 209 3165 ⁸loco
231 3083 535 3163 demonstrabimus,
564 3104 661 3165 quum
690 3090 765 3165 post
786 3083 911 3147 initium
934 3084 1052 3147 saecrdi
1067 3083 1162 3146 VIII.
1187 3106 1237 3146 or-

136 3195 206 3250 tum
228 3208 291 3248 non
314 3186 370 3249 sit:
400 3185 557 3269 sequitur,
584 3184 700 3249 librum
729 3206 802 3248 eum
828 3208 868 3249 ex
890 3208 954 3269 quo
975 3185 1055 3251 illud
1077 3186 1238 3250 emanavit

135 3298 170 3353 et
196 3289 265 3374 ipse
286 3287 409 3352 Dicuili
436 3288 672 3372 manuscriptus
699 3287 844 3353 liber-
867 3288 929 3353 hoc
957 3296 1007 3354 est
1029 3286 1111 3354 cod.
1126 3289 1171 3354 Y.
1194 3327 1236 3337 —-

135 3393 262 3458 saeculo
285 3393 399 3458 saltem
421 3391 557 3476 septimo
580 3392 792 3478 compositum
812 3393 927 3474 firisse3
957 3415 1138 3478 quaerre
1161 3416 1237 3459 con·

135 3495 307 3579 cludimus,
338 3496 435 3560 alium
457 3517 530 3560 eum
552 3494 697 3560 codicem
719 3496 833 3579 titisse,
862 3519 900 3562 ac
923 3495 1157 3564 Scorialensem
1179 3522 1236 3564 no-

134 3608 236 3666 strum
258 3600 378 3666 saeculi
399 3599 515 3664 octavi.
558 3597 720 3681 Quoniam
748 3610 856 3666 autem
882 3601 986 3666 codex
1008 3598 1236 3669 casanatensis

134 3724 194 3770 nec
220 3726 287 3768 non
306 3704 428 3768 Dicuili
451 3701 555 3768 codex
576 3704 618 3768 ad
643 3704 817 3770 secundam
839 3706 1055 3771 recensionem
1076 3708 1237 3793 pertinere

134 3806 314 3890 videantur,
327 3808 393 3872 iam
406 3808 573 3891 utriusque
588 3807 710 3873 codicis
724 3829 924 3874 communem
938 3809 1059 3875 fontem
1073 3808 1168 3894 (cod.
1176 3811 1234 3893 Y.)

135 3911 178 3976 ad
205 3910 339 3976 eandem
366 3912 583 3978 recensionem
609 3912 799 3996 pertinuisse
821 3922 964 3998 apparet
1017 3913 1106 3997 Quid
1126 3915 1235 4002 igitur,

135 4015 163 4080 si
185 4037 225 4080 ex
247 4015 309 4081 hoc
330 4016 402 4100 ipso
424 4015 517 4099 libro,
540 4038 638 4099 quum
657 4016 723 4081 iam
741 4017 869 4081 saeculo
884 4018 1019 4103 septimo
1035 4017 1235 4102 conscriptus

135 4117 193 4203 sit,
219 4119 286 4184 sive
307 4119 415 4205 potius
438 4119 507 4185 eius
526 4142 569 4205 ,ex
592 4120 768 4208 archetypo
791 4118 893 4206 (cod.
910 4120 977 4204 X)
1001 4120 1235 4189 Soorialensem

134 4231 280 4288 exortum
301 4246 371 4290 esse
393 4222 547 4289 dicimus?
668 4251 683 4280 ι
