2752 4844
737 402 780 471 30

295 575 432 642 Restant
454 576 612 643 secundae
633 578 828 644 recensionis
846 576 920 643 libri
935 578 1084 664 quinque,
1108 579 1163 664 qui
1179 577 1221 645 ad
1235 603 1313 645 ean-

207 680 280 746 dem
309 680 470 765 pertinent
497 680 651 747 familiam
680 703 719 746 ac
747 680 975 765 Scorialensis,
1003 690 1036 747 et
1064 683 1119 766 qui
1145 684 1179 749 in
1205 683 1313 751 119919

207 793 323 873 gerunt
344 785 443 851 verba
467 782 649 868 „Chronica
670 785 746 850 Iulii
768 782 947 851 Caesaris“.
988 782 1133 866 Quorum
1156 788 1314 872 antiquis·

206 890 304 955 simus
330 889 518 975 (Parisinus.
538 888 703 975 Supplem.
721 890 795 959 685.
819 910 903 955 saec.
918 888 1009 973 IX.),
1031 890 1065 955 ni
1086 890 1237 974 fallimur,
1259 915 1312 957 91-

206 992 380 1080 chetypum
409 1002 458 1058 est
487 991 558 1058 9911.
579 991 732 1059 Vaticani
760 993 857 1062 3864.
881 1013 970 1059 saec.
991 992 1038 1057 X.
1066 1016 1107 1059 ex
1134 1017 1199 1079 quo
1226 994 1311 1061 libro

205 1119 264 1162 sua
285 1097 356 1161 vice
377 1106 467 1163 ortus
489 1105 540 1163 est
562 1095 633 1162 cod.
654 1096 821 1162 Palatinus
844 1097 918 1165 973.
942 1117 1027 1162 saec.
1043 1096 1090 1162 X.
1114 1098 1170 1183 qui
1192 1098 1310 1167 deinde

205 1201 368 1287 exemplar
389 1201 450 1267 1911
477 1201 598 1267 codicis
619 1200 814 1266 Havniensis
836 1201 913 1269 357.
937 1222 1021 1266 saec.
1041 1200 1175 1285 XVIII,
1201 1210 1239 1270 ut
1260 1204 1311 1269 vi·

205 1304 309 1388 detur,
331 1305 453 1391 scripti.
492 1303 633 1386 Quintus
656 1303 803 1389 denique,
826 1304 1309 1375 991119919911911Ρ9119.7418.

205 1431 287 1474 saec.
305 1409 385 1474 XV.
402 1408 461 1474 etsi
475 1407 518 1472 ad
540 1407 692 1474 familiam
706 1410 750 1473 A.
771 1409 932 1494 pertinere
954 1432 1027 1474 eum
1050 1409 1177 1492 scimus,
1200 1418 1311 1476 tamen

205 1535 246 1578 ex
267 1535 406 1598 quonam
429 1513 628 1598 superiorum
650 1511 830 1599 descriptus
853 1535 922 1578 esse
944 1511 1106 1596 videatur,
1134 1536 1194 1599 pro
1217 1521 1309 1580 certo

203 1639 267 1682 non
290 1617 512 1704 comperimus.
551 1615 624 1681 Hos
646 1638 755 1682 omncs
777 1625 884 1682 autem
907 1640 947 1682 ex
968 1617 1091 1702 primae
1112 1617 1309 1693 recensionis

112 1729 116 1740 '
204 1720 317 1786 9911199
345 1744 383 1786 99
409 1728 501 1786 natos
523 1720 637 1804 fuisse,
665 1743 759 1806 quem
781 1743 879 1785 unum
902 1719 1008 1786 adhuc
1030 1730 1156 1786 exstare
1178 1721 1309 1805 saepius

203 1824 357 1907 diximus,
379 1824 441 1889 1199
464 1833 513 1890 est
534 1847 575 1889 ex
597 1825 708 1890 codice
729 1824 833 1889 Paris.
858 1822 956 1892 4898.
980 1846 1064 1890 saec.
1079 1824 1140 1892 VI.
1164 1825 1228 1890 iam
1252 1847 1308 1890 su·

202 1951 262 2014 pra
290 1930 368 1994 satis
396 1928 647 1993 demonstratum
674 1936 732 1994 est.
778 1925 889 2009 Quare
917 1927 997 1994 haec
1022 1930 1090 1995 fere
1115 1942 1164 1996 est
1187 1950 1309 2017 cogna-

202 2032 298 2098 tionis
320 2033 441 2115 tabula,
464 2033 491 2098 si
513 2031 558 2097 Π.
574 2031 710 2098 Recens.
732 2033 807 2097 fam.
824 2034 867 2097 A.
891 2032 1092 2118 respicimus:

631 2221 695 2272 Coo.
708 2223 779 2272 Paris
797 2221 875 2272 4808.

308 2399 389 2449 codd.
402 2399 462 2448 sam.
472 2399 505 2448 A.
519 2399 630 2461 quinque
885 2399 1185 2500 w

200 2505 279 2554 Paris.
294 2464 615 2568 sffislupff
611 2501 672 2553 685.
682 2505 752 2554 s.lX.
789 2504 955 2556 Seorialensis
1044 2504 1109 2556 Cod.
1119 2506 1149 2554 Y.
1162 2505 1307 2556 999911Πῖ

218 2591 284 2626 saec.
297 2577 353 2626 XV.
603 2567 608 2639 Ι
800 2592 866 2626 saec.
876 2577 945 2627 VIII.

448 2646 563 2695 Vatican.
578 2642 654 2694 3864.
674 2660 694 2694 1.
707 2645 740 2694 X.

463 2785 569 2834 Palatin.
585 2783 643 2835 979.
657 2801 677 2834 s.
690 2787 723 2835 X.

426 2925 577 2976 Hauniensis
585 2848 643 2978 tit.
655 2929 775 2979 sXVIII.

288 3075 344 3144 Sic
367 3068 495 3140 codices
518 3076 676 3142 secundae
698 3085 795 3162 atque
817 3073 931 3140 tertiae
952 3072 1145 3138 recensionis
1166 3069 1301 3134 099919-

199 3180 352 3270 graphiae
381 3201 492 3244 omnes
519 3203 559 3246 911
587 3183 669 3248 111119
698 3181 817 3247 saeculi
843 3178 925 3243 sexti
948 3178 1010 3241 orti
1032 3184 1121 3258 sunt,
1150 3195 1244 3257 quem
1266 3173 1300 3239 in

97 3281 106 3290 ’“
199 3283 358 3370 Hispania
392 3283 608 3373 conscriptum
641 3286 739 3351 fuisse
773 3283 917 3348 dixerim.
972 3280 1091 3344 Iulium
1119 3276 1300 3343 Honorium

199 3389 283 3453 enim
306 3386 435 3453 natione
451 3387 635 3477 Hispanum
656 3389 754 3453 fuisse
777 3409 815 3453 99
837 3403 1006 3463 excausa,
1029 3389 1066 3444 ut
1087 3382 1210 3466 opinor,
1234 3382 1300 3446 991-

197 3477 361 3578 ligendum
385 3503 449 3577 est,
473 3493 560 3578 quod
581 3491 759 3576 Hispaniae
781 3496 814 3552 et
837 3484 1052 3551 adiacentium
1075 3481 1202 3550 Galliac
1224 3507 1300 3572 par-

197 3595 278 3660 tium
299 3597 448 3662 notitiam
471 3597 572 3661 multo
601 3592 832 3659 accuratiorem
856 3611 953 3673 quam
974 3587 1089 3654 Italiae
1112 3613 1184 3654 eum
1205 3590 1299 3655 intel-

197 3698 327 3786 ligimus
349 3701 510 3768 habuisse.
554 3697 641 3761 Nam
663 3717 738 3782 pag.
756 3695 830 3763 694.
854 3693 929 3761 695.
957 3693 1018 3758 etsi
1038 3691 1216 3780 Hispaniae
1238 3693 1299 3758 flu-

196 3803 284 3872 mina
313 3806 420 3870 omnia
446 3823 505 3867 nec
533 3822 596 3864 non
625 3798 727 3862 multa
753 3797 874 3885 oppida
906 3808 1145 3881 enumerantur,
1174 3797 1299 3863 nullum

196 3906 310 3974 Italiac
332 3907 480 3986 fiuvium,
509 3911 543 3966 et
564 3924 604 3969 ne
627 3901 770 3967 Tiberim
792 3902 922 3987 quidem
945 3910 1002 3966 aut
1023 3902 1126 3988 ipsam
1148 3901 1299 3986 Romam,

196 4012 363 4078 laudatum
383 4009 430 4074 ibi
451 4006 635 4092 reperimus.
682 4006 739 4074 Sic
764 4006 877 4073 9911919
898 4008 971 4072 1999
993 4029 1066 4072 9991
1087 4006 1194 4071 fluviis
1217 4003 1299 4071 Gal-

195 4113 257 4178 liae
279 4111 495 4176 meridionalis
522 4111 697 4199 insigniora
725 4135 851 4198 quoque
881 4110 1001 4198 oppida
1023 4111 1183 4176 99199191.
1230 4107 1299 4177 Sed

80 4213 236 4552 Ἰὼ
265 4213 315 4279 his
344 4215 477 4301 aliisque
506 4239 587 4301 quae
614 4216 678 4282 huc
707 4225 855 4303 spectant
885 4216 948 4281 alio
975 4215 1047 4281 1999
1077 4212 1298 4281 disserendum
