2752 4844
671 413 712 482 18

135 589 311 671 credimus,
341 598 379 655 ut
400 589 513 655 melius
535 589 582 654 ita
605 589 715 655 mundi
741 588 883 655 tabulam
912 588 1059 676 discipuli
1081 592 1246 678 perspice·

135 703 216 778 rent,
240 693 332 759 ouius
353 693 433 757 nihil
454 693 520 758 fere
543 693 603 758 nisi
626 693 872 758 commentarius
895 702 959 774 est,
990 694 1131 760 libellum
1159 697 1247 762 enim

135 798 177 863 ad
204 797 316 863 mundi
344 796 490 862 tabulam
524 797 683 883 pertinere
718 820 758 862 ex
788 797 856 862 eius
888 796 994 862 indole
1023 818 1082 864 nec
1110 821 1175 864 non
1205 821 1247 865 ex

137 903 343 989 ,Sphaerae“
368 901 494 965 nomine
518 908 662 987 apparet,
685 900 783 986 idque
803 921 925 986 paucos
948 911 1022 966 ante
1044 924 1144 968 annos
1162 903 1247 969 bene

57 1061 59 1065 .
135 1005 367 1072 demonstravit
381 1003 567 1069 Fridericus
581 1003 708 1070 Ritschl
723 1005 787 1087 ¹¹⁵).
826 1005 964 1071 Fallitur
984 1013 1093 1071 tamen
1106 1004 1168 1072 Vir
1184 1005 1247 1074 Sa-

136 1109 344 1198 gacissimus,
373 1108 401 1172 si
424 1105 713 1195 cosmographiam
738 1117 833 1194 putat
855 1110 896 1175 ad
919 1110 1128 1198 Agrippae
1148 1111 1246 1177 tabu·

134 1216 198 1280 lam
220 1212 431 1298 compositam
453 1212 567 1278 fuisse:
597 1235 679 1297 quae
706 1235 759 1278 res
788 1211 888 1278 exiis
911 1215 1023 1279 saltem
1047 1217 1246 1302 argumentis

135 1317 336 1404 comprobari
351 1338 415 1382 non
429 1324 548 1402 potest,
572 1336 653 1401 quae
667 1339 687 1380 a
701 1314 878 1383 Ritscbelio
894 1316 1077 1383 afferuntur.
1111 1318 1246 1386 Etenim

135 1423 274 1488 fabulam
303 1421 390 1485 illam
421 1420 462 1485 de
484 1418 622 1486 universi
646 1419 744 1487 Orbis
768 1421 979 1504 dimensione,
1008 1444 1104 1507 quam
1130 1424 1247 1509 reliqui

91 1557 94 1562 ·
135 1525 293 1592 secundae
316 1533 412 1609 atque
433 1523 547 1589 tertiae
574 1525 767 1591 recensionis
796 1523 924 1590 codices
949 1524 990 1589 ad
1011 1546 1110 1591 unum
1133 1548 1247 1594 omnes

134 1630 302 1712 exhibent,
334 1629 374 1693 in
402 1628 500 1693 Iulii
531 1627 725 1695 Oratoris
758 1629 981 1714 exemplari
1009 1651 1085 1695 non
1114 1631 1247 1698 fuisse

136 1744 224 1800 certo
247 1734 364 1799 certius
388 1742 444 1798 est.
496 1728 595 1799 Cuius
617 1733 664 1798 rei
686 1733 787 1797 multa
809 1742 994 1820 argumenta
1016 1741 1152 1800 exstant.
1198 1735 1247 1801 Et

136 1839 274 1925 primum
298 1836 425 1923 quidem
447 1836 531 1900 inira
552 1838 659 1922 paullo
682 1837 863 1902 accuratius
885 1837 1100 1922 ostendemus,
1123 1861 1163 1904 ex
1181 1862 1248 1925 quo

135 1945 224 2008 fonte
247 1951 376 2028 sumpta
397 1940 430 2005 iu
453 1941 611 2006 secundae
633 1941 826 2006 recensionis
843 1941 942 2008 libros
956 1942 1121 2028 irrepsisse
1134 1943 1248 2008 videa·

134 2055 202 2127 tur3
231 2044 346 2111 deinde
369 2068 446 2110 vero
470 2067 510 2109 ex
530 2045 610 2130 ipsis
633 2043 764 2109 editoris
786 2043 892 2110 verbis
913 2052 1020 2130 patet,
1043 2045 1184 2112 fabulam
1206 2047 1247 2113 il-

135 2152 200 2215 lam
222 2151 257 2213 in
278 2148 352 2214 Iulii
375 2144 523 2214 Oratoris
547 2145 803 2235 Qosmographia
828 2148 968 2214 nondum
990 2149 1130 2215 infuisse.
1176 2150 1247 2218 Ex-

137 2263 249 2341 cerpta
270 2253 353 2318 enim
381 2252 535 2334 marium,
564 2250 738 2316 insularum
761 2261 821 2317 cet.
846 2274 926 2338 quae
948 2254 982 2317 in
1004 2254 1132 2338 reliquis
1156 2253 1247 2320 codi-

135 2357 225 2423 cibus
249 2379 320 2422 cum
346 2355 564 2440 „dimensione
586 2354 726 2421 universi
749 2352 854 2421 orbis“
885 2357 932 2421 ita
959 2379 1084 2443 semper
1112 2358 1246 2424 coniun-

134 2470 267 2550 guntur,
295 2469 333 2528 ut
355 2461 423 2526 eius
453 2456 545 2542 quasi
575 2479 699 2523 summa
726 2480 796 2524 esse
819 2459 1001 2525 videantur:
1032 2483 1076 2526 ea
1097 2481 1172 2525 non
1196 2463 1244 2528 ab

132 2567 224 2653 ipso
246 2565 356 2631 Iulio
378 2562 578 2644 Honorio,
608 2561 676 2626 sed
705 2563 752 2629 ab
782 2564 865 2630 eius
889 2564 1095 2650 discipulo
1118 2566 1245 2653 magi·

133 2672 210 2736 stri
239 2669 353 2756 operi
383 2665 545 2731 adiecta
574 2674 673 2730 sunt.
721 2663 831 2749 Quare
855 2670 950 2734 etiam
973 2669 1001 2733 si
1022 2669 1104 2733 forte
1128 2690 1245 2736 conce·

134 2772 275 2840 dandum
297 2779 392 2853 esset,
417 2768 686 2853 „dimensionem“
703 2771 789 2836 illam
806 2769 1078 2860 Cosmographiae
1094 2772 1134 2837 ab
1149 2773 1244 2840 initio

134 2878 278 2943 additam
299 2875 415 2957 fuisse,
437 2882 546 2938 tamen
567 2897 631 2939 non
654 2873 694 2940 ab
717 2876 788 2962 ipso
810 2875 972 2959 Honorio,
994 2875 1052 2942 sed
1074 2884 1198 2942 tantum
1224 2903 1244 2944 a

134 2981 291 3066 discipulo
314 2977 475 3042 adiectam
500 3001 569 3043 eam
593 2979 780 3045 diceremus.
826 2977 924 3061 Quod
946 2988 1053 3046 tamen
1076 3003 1134 3046 cur
1154 2981 1244 3047 nullo

132 3085 230 3152 modo
254 3081 493 3148 concedendum
516 3083 568 3167 sit,
591 3084 655 3149 iam
678 3107 736 3150 suo
758 3085 830 3149 loco
846 3083 1142 3150 demonstrabimus.
1177 3082 1244 3150 Oe·

45 3232 47 3241 ·
132 3200 238 3255 terum
259 3185 425 3274 Excerpta
452 3186 508 3252 illa
535 3210 600 3254 non
626 3188 666 3254 ab
689 3188 760 3273 ipso
787 3190 941 3276 magistro
965 3186 1244 3273 Cosmographiae

134 3292 304 3359 subiuncta
326 3313 411 3376 esse,
435 3292 521 3378 quod
544 3316 583 3359 ex
605 3291 684 3377 ipsis
707 3292 903 3377 excerptoris
927 3292 1032 3355 verbis
1052 3295 1153 3373 patet,
1175 3288 1244 3355 iam

133 3420 172 3462 ea
194 3418 235 3460 ex
257 3418 291 3461 re
320 3394 494 3485 colligitur,
524 3394 611 3481 quod
641 3394 756 3457 iterum
786 3402 882 3476 atque
910 3391 1026 3455 iterum
1053 3389 1242 3478 discipulus,

135 3518 176 3564 ne
199 3499 239 3565 ab
263 3499 408 3587 Sphaera
434 3520 586 3585 umquam
612 3503 800 3581 separentur
828 3502 952 3559 monet:
981 3494 1016 3559 id
1044 3492 1130 3579 quod
1153 3505 1243 3563 certe

134 3625 215 3689 opus
242 3627 306 3669 non
334 3612 420 3686 erat,
450 3603 477 3668 si
506 3600 547 3666 ab
568 3599 653 3663 Iulio
676 3595 814 3664 Oratore
842 3599 978 3685 scripta,
1006 3598 1105 3663 totius
1134 3601 1242 3684 operis

135 3710 314 3775 necessaria
337 3705 428 3793 quasi
449 3725 525 3788 pars
546 3698 690 3766 fuissent.

224 3815 254 3880 2.
293 3811 386 3876 Haec
407 3807 516 3892 igitur,
539 3813 576 3870 ut
594 3803 730 3889 videtur,
753 3827 830 3871 vera
845 3802 1119 3894 Cosmographiae
1137 3807 1244 3876 forma

135 3925 221 3998 erat,
248 3923 285 3978 ut
308 3908 555 3993 descriptionem
578 3917 714 3995 quatuor
736 3931 927 3975 oceanorum
953 3911 1020 3977 sine
1042 3911 1107 3977 ulla
1129 3920 1244 3979 aucto-

134 4021 179 4083 ris
202 4013 399 4101 praefatione
428 4014 693 4099 complecteretur
720 4023 754 4078 et
782 4013 979 4101 compendiis
1007 4015 1070 4080 illis
1097 4015 1137 4078 in
1160 4016 1245 4085 fine

211 4240 274 4303 115)
293 4245 319 4292 in
338 4244 427 4292 Museo
446 4245 568 4294 Rhenano
590 4242 664 4294 1842,
684 4246 699 4293 l.
720 4263 762 4294 c,
