2752 4844
725 342 788 412 176

203 515 422 601 attendentes,
449 517 537 602 quod
565 494 669 584 sermo
693 519 758 602 rei,
786 525 820 584 et
840 538 905 584 11011
926 525 1051 585 res-est
1071 518 1212 585 sermoni
1235 518 1310 586 sub

202 621 304 704 iacta,
325 622 488 687 licentiam
510 623 571 689 tibi
592 622 627 687 in
647 623 711 690 illis
733 622 902 688 dumtaxat
922 623 1068 709 partibus
1090 622 1146 690 ubi
1168 622 1210 688 de
1233 646 1309 690 con·

139 806 149 824 .
203 725 371 792 suetudine
399 728 610 795 observantur
641 727 834 814 praemissa,
875 725 1048 792 drunmodo
1079 728 1240 794 sententia
1271 752 1310 795 ex

201 830 304 916 ipsius
331 830 488 898 varietate
514 831 641 896 litterae
665 853 731 896 non
751 828 917 912 laedatur,
943 831 1136 905 auctoritate
1157 855 1310 917 praesen·

202 935 283 999 tium
312 933 518 1000 concedimus
544 935 751 1021 postulatam.
804 932 942 999 Datum
957 934 1112 1024 Lugduni
1139 933 1201 1000 IV.
1232 935 1307 1002 Kal.

202 1038 325 1124 Aprilis
349 1060 432 1104 anno
453 1038 518 1104 V.“
542 1038 577 1103 id
600 1046 650 1104 est
671 1035 794 1104 Christi
820 1037 914 1105 1218.
1070 1082 1074 1087 -

290 1145 321 1210 2.
359 1142 487 1208 Deinde
509 1140 596 1229 apud
615 1140 795 1207 Robertum
817 1139 939 1224 Salam,
962 1139 1097 1209 Ordinis
1114 1139 1307 1208 cistercien·

202 1245 263 1327 sis,
291 1245 325 1309 in
351 1244 513 1311 Vaticana
538 1243 742 1311 Bibliotheca
769 1245 846 1311 olim
875 1243 1092 1330 Scriptorem,
1119 1245 1201 1312 haec
1228 1246 1307 1335 legi·

202 1372 274 1415 mus
289 1351 368 1434 111)ε
432 1405 437 1413 .
1180 1394 1184 1399 ,

292 1453 499 1537 „Urbanus
512 1453 626 1521 VIII.
643 1454 777 1520 Missale
791 1452 969 1542 Illyricum,
980 1454 1196 1521 emendatum
1218 1455 1308 1521 iuxta

202 1557 346 1624 Missalis
365 1556 503 1624 Romani
525 1582 584 1625 suo
606 1558 695 1624 iussu
717 1559 814 1644 paulo
837 1567 911 1624 ante
932 1559 1090 1646 recogniti
1111 1557 1307 1624 emendatio-

125 1655 127 1660 ’
201 1684 275 1729 nem
289 1671 323 1728 et
336 1663 589 1746 reformationes,
612 1661 855 1735 charactere
870 1662 905 1730 S.
920 1663 1162 1750 Hieronymi
1185 1664 1307 1750 vulgo

201 1775 432 1857 nuncupato
461 1786 500 1830 ac
522 1765 632 1855 lingua
647 1766 820 1834 Slavonica
837 1768 925 1854 typis
946 1766 998 1832 edi
1013 1766 1192 1834 mandarit:
1216 1769 1308 1833 cuius

202 1871 346 1960 vestigiis
368 1868 537 1936 inhaerens
558 1870 826 1947 Innocentius
840 1871 886 1936 X.
905 1875 1082 1956 successor,
1103 1870 1307 1936 Breviarium

200 1975 298 2041 etiam
313 1973 520 2042 Slavonicum
542 1974 655 2043 eodem
677 1975 862 2042 charactere
884 1982 918 2041 et
939 1974 982 2039 ad
995 1975 1132 2039 formam
1146 1974 1307 2040 Breviarii

200 2078 313 2146 Latini
339 2079 373 2143 in
399 2076 599 2165 praedictam
628 2080 770 2168 lingiram
795 2080 988 2165 impressum,
1009 2078 1206 2165 approbavit·
1223 2101 1307 2144 anno

204 2183 300 2252 1618.
324 2205 362 2248 ac
384 2183 472 2269 typis
495 2182 615 2251 Sacrae
631 2181 793 2271 Congreg.
817 2181 858 2249 de
878 2181 1096 2270 Propaganda
1115 2180 1200 2249 Fide
1223 2205 1306 2249 anuo

205 2287 299 2356 1688.
324 2286 428 2353 denuo
451 2287 573 2353 editum
595 2290 675 2353 cst“.
700 2297 762 2354 etc.

292 2393 322 2460 3.
367 2391 463 2458 Idem
489 2413 615 2476 quoque
637 2390 844 2456 Innocentius
864 2389 911 2455 x
940 2389 975 2455 in
995 2390 1095 2455 Brevi
1117 2389 1206 2475 quod
1226 2389 1313 2455 Bra·

202 2497 303 2573 viario
320 2494 695 2563 Romano-Sclavonico
711 2518 740 2560 a.
760 2494 855 2564 1688.
877 2494 1089 2582 praemissum
1110 2494 1236 2578 est⁴⁸⁰),
1258 2493 1307 2563 in·

201 2600 336 2667 ter-alia
357 2600 485 2667 scribit:
523 2654 526 2659 .

210 2744 213 2749 -
291 2703 422 2793 ,Quum
443 2704 542 2791 igitur
556 2703 759 2792 Illyricarum
779 2704 934 2792 gentium,
957 2725 1039 2788 quae
1060 2703 1155 2789 longe
1176 2701 1307 2786 lateque

201 2833 259 2896 per
280 2791 446 2892 Europam
474 2807 609 2873 diffirsae
637 2817 712 2874 sunt
740 2817 836 2893 atque
861 2808 903 2873 ab
932 2808 1011 2894 ipsis
1038 2806 1188 2894 gloriosis
1214 2807 1306 2892 Apo·

201 2914 356 2979 stolorum
383 2911 589 2998 Principibus
616 2912 717 2979 Petro
751 2921 784 2978 et
813 2912 917 2978 Paulo
951 2911 1154 2997 potissimum
1183 2909 1333 2977 Christi.

200 3017 298 3082 fidem
327 3013 461 3082 edoctae
487 3017 633 3100 1110111111,
660 3017 789 3082 libros
819 3037 956 3082 sacros
984 3016 1061 3080 iam
1088 3014 1181 3082 inde
1211 3038 1232 3080 a
1260 3015 1305 3080 D.

200 3120 441 3207 Hieronymi
464 3121 730 3208 temporibus,
752 3129 796 3187 ut
816 3127 1055 3205 pervetusta
1077 3117 1125 3184 ad
1147 3117 1315 3184 1101110--

200 3225 299 3290 tulit
326 3224 520 3309 traditio,
547 3224 598 3291 vel
627 3232 714 3291 certe
743 3247 763 3288 a
791 3223 980 3310 pontificatu
1008 3222 1060 3288 101.
1087 3243 1151 3289 100.
1173 3221 1306 3288 1011111111

199 3350 303 3416 papae
320 3327 417 3394 VIII
440 3327 695 3414 praedecessoris
716 3328 834 3411 nostri,
857 3328 905 3393 uti
928 3349 968 3392 ex
991 3325 1132 3392 eiusdem
1153 3325 1231 3391 data
1252 3349 1306 3393 au·

200 3455 258 3518 per
285 3456 324 3498 ea
352 3455 386 3498 re
416 3433 552 3519 epistola
563 3435 625 3516 ⁴⁸¹)
649 3440 791 3514 constat,
826 3432 890 3497 ritu
913 3430 1042 3517 quidem
1070 3428 1218 3496 Romano
1248 3429 1306 3496 sed

228 3712 230 3717 .
271 3665 339 3729 1711)
363 3670 389 3718 111
414 3666 639 3718 observationibus
662 3666 694 3714 ad
718 3664 860 3716 Cardinalis
882 3666 985 3716 Ioannis
1007 3666 1083 3715 Boua
1104 3666 1164 3716 Ber.
1180 3664 1305 3727 Litargic.

198 3755 242 3804 lib.
255 3755 275 3805 1.
294 3754 379 3819 011111
398 3756 447 3814 ,da
471 3753 547 3803 variis
567 3753 657 3803 ritibus
675 3753 805 3803 Ecclesiae
824 3751 987 3813 Orientalis“,
1005 3750 1027 3810 ξ.
1041 3749 1072 3802 11
1101 3751 1192 3814 ,Quae
1215 3759 1305 3815 gentes

132 3818 142 3837 ⁸
198 3842 285 3906 lingna
305 3843 406 3906 Illyrica
423 3842 516 3890 Missas
539 3837 640 3903 agant“.
671 3841 782 3891 Toml
810 3840 943 3904 Augustae
960 3840 1142 3900 Taurinorum,
1168 3853 1202 3888 ex
1219 3839 1306 3902 Typa-

199 3930 305 3994 graphia
316 3930 405 3991 Regia,
425 3926 502 3976 1717.
520 3941 579 3991 pag.
591 3926 650 3977 152.
664 3923 742 3992 (apud
761 3927 949 3978 Assemannum
966 3926 983 3976 1.
993 3940 1016 3975 0.
1034 3933 1096 3977 tom.
1108 3925 1155 3987 IV,
1171 3938 1230 3989 pag.
1243 3923 1305 3972 111.

197 4012 283 4077 med.)
919 4044 922 4049 -

269 4097 338 4161 180)
357 4100 403 4150 cfr.
421 4099 611 4152 heremannum
628 4103 680 4152 Ic.
699 4110 761 4151 tom.
772 4101 794 4162 I,
812 4115 871 4164 pag.
886 4097 945 4149 118.

269 4185 337 4248 tat)
356 4189 476 4239 Iohannis
495 4190 564 4239 VIII.
584 4189 693 4254 epistola
714 4188 746 4237 ad
770 4187 928 4237 Methodium
951 4186 1099 4250 archiepisc.
1116 4183 1306 4235 Pannonieuus
