2752 4844
669 371 712 438 80

139 543 204 609 tius
225 543 323 609 fuisse
344 543 512 609 imitatum.
548 542 669 610 Scribit
683 541 847 626 enim'¹⁷):
873 545 1088 629 „Volumus
1111 555 1246 614 autem

139 646 180 711 in
212 647 286 713 hac
320 647 602 734 descriptione
641 649 860 735 praecipue
899 649 1055 714 imitari
1088 650 1246 717 descri-

139 752 331 838 ptionem,
354 774 454 835 quae
475 752 587 816 facta
608 760 668 817 cst
690 752 739 818 ab
754 751 1156 839 AugustoGaesare“
1173 777 1244 840 sqq.

140 853 250 937 Quare
272 854 420 940 equidem
434 856 605 922 Albertum
626 855 752 920 silentio
775 856 964 939 omisissem,
985 858 1019 921 ni
1041 857 1093 922 his
1116 865 1150 922 et
1172 858 1246 923 tali-

138 959 199 1024 bus
220 960 349 1038 innixus
371 958 568 1047 argumentis
583 955 661 1023 Chr.
672 957 825 1027 Peterson
848 958 889 1025 de
905 957 981 1025 Iulii
996 959 1146 1026 Oratoris
1162 957 1245 1026 Cos-

138 1062 329 1152 mographia
356 1064 538 1148 opinionem
567 1061 735 1146 edidisset,
769 1063 821 1127 cui
849 1061 1003 1129 adsentiri
1029 1063 1118 1130 nullo
1146 1063 1245 1130 modo

137 1174 256 1254 potest

225 1381 257 1445 4.
302 1377 417 1463 Neque
445 1377 550 1442 minus
579 1375 810 1441 contemnenda
837 1384 913 1442 sunt
941 1378 1079 1462 quaein
1100 1377 1244 1466 Dialogo

137 1481 178 1547 de
191 1480 371 1548 Nobilitate
394 1489 426 1546 et
441 1479 634 1546 Rusticitate
657 1480 769 1546 scribit
791 1481 910 1545 saeculi
924 1480 1004 1546 XV.
1027 1490 1142 1547 auctor
1164 1483 1242 1548 Fe·

136 1586 195 1650 lix
222 1585 459 1668 Malleolus,
491 1606 587 1668 quem
614 1583 710 1648 toties
737 1591 856 1648 temere
884 1590 1037 1668 sequutus
1066 1594 1117 1651 est
1146 1583 1243 1650 Chri-

136 1690 259 1755 stianus
287 1689 450 1754 Peterson.
507 1686 609 1752 Libro
638 1679 737 1752 enim*
750 1686 900 1752 utebatur
925 1686 1099 1755 Malleolus
1128 1690 1242 1755 eodem

136 1793 202 1859 fere
226 1816 264 1859 ac
286 1792 451 1874 Albertus,
475 1798 508 1855 et
529 1790 614 1856 hunc
636 1791 742 1877 ipsum
764 1794 890 1874 quoque
913 1799 987 1856 ante
1009 1793 1119 1857 oculos
1141 1793 1241 1859 habe-

136 1897 207 1977 bat3
230 1896 470 1982 inscriptionem
490 1918 567 1960 vero
583 1892 858 1982 Cosmographiae
875 1893 972 1958 talem
991 1895 1136 1961 exhibet:
1163 1897 1240 1981 „Iti-

135 2002 294 2066 nerarium
315 2000 391 2066 Iulii
414 1996 583 2064 Caesaris“
613 1998 665 2063 vel
695 1994 972 2083 „Cosmographia
999 1997 1074 2064 Iulii
1095 1999 1240 2086 Impera-

134 2106 215 2170 toris
237 2113 271 2170 et
285 2102 457 2169 Octaviani
471 2102 634 2189 Augusti“
657 2101 720 2166 vel.
734 2100 955 2183 „Itinerarium
977 2100 1066 2167 urbis
1081 2101 1238 2169 Romae“.

121 2202 247 2289 'Quare
266 2208 301 2273 in
324 2207 435 2273 codice
456 2205 602 2270 Malleoli
623 2205 763 2269 inerant:
791 2203 1080 2271 Pseudo-Aethici
1102 2205 1239 2273 Cosmo·

134 2311 271 2398 graphia
292 2320 325 2377 et
345 2309 548 2376 Itinerarium
563 2308 734 2388 Antonini3
757 2330 861 2392 neque
883 2307 954 2374 aliis
975 2309 1055 2376 locis
1076 2334 1143 2377 non
1163 2335 1239 2398 pro·

133 2413 229 2480 batur
250 2415 381 2480 infuisse
404 2411 500 2477 etiam
525 2410 710 2494 ,Mirabilia
730 2411 874 2478 Romae“
888 2415 956 2494 ²¹⁸).

222 2517 290 2586 Sed
303 2515 485 2597 Malleolus,
508 2537 606 2600 quum
627 2516 731 2604 magis
746 2517 842 2582 etiam
858 2539 954 2602 quam
968 2516 1123 2583 Albertus
1138 2517 1237 2584 verba

132 2619 208 2686 Iulii
223 2620 371 2687 Oratoris
391 2620 621 2703 immutaverit,
642 2621 690 2686 ita
710 2629 748 2686 ut
770 2621 896 2687 aliunde
918 2621 1020 2687 multa
1035 2643 1161 2706 quoque
1176 2623 1236 2688 im·

133 2724 297 2789 miscuerit
312 2722 406 2788 -id
427 2723 515 2806 quod
536 2746 576 2789 nc
597 2724 702 2811 ipsum
724 2725 852 2810 quidem
876 2723 998 2791 Christ.
1013 2725 1169 2790 Petersen
1192 2727 1237 2791 ef-

132 2827 217 2913 fugit
227 2827 284 2910 ²¹⁹)
309 2864 351 2875 -
372 2826 479 2892 minus
508 2828 605 2894 etiam
634 2837 730 2915 atque
753 2829 808 2894 ille
828 2828 1045 2914 respiciendus
1067 2829 1137 2892 erit.
1182 2828 1237 2894 Ex

132 2929 228 2995 huius
249 2930 348 3017 igitur
370 2930 509 2997 auctoris
531 2934 638 3000 verbis
660 2957 742 3020 quae
765 2931 872 3018 colligi
889 2932 1020 3009 vult²²⁰)
1039 2927 1159 2995 Christ.
1172 2932 1237 2998 Pe-

101 3085 109 3096 .
131 3042 248 3116 tersen,
271 3056 310 3098 ea
327 3035 426 3101 nullis
448 3039 645 3125 argumentis
667 3039 728 3103 niti
748 3057 842 3101 nemo
863 3056 928 3099 non
949 3033 1108 3122 intelligit.

660 3228 703 3295 V.

220 3344 329 3428 Quare
357 3351 408 3418 bis
436 3352 501 3417 iam
527 3348 646 3414 relictis
676 3353 772 3429 atque
799 3343 869 3408 aliis
898 3344 1006 3407 multis
1029 3342 1071 3407 ad
1092 3344 1234 3428 reliquos

131 3446 258 3516 codices
288 3454 428 3541 quinque
456 3474 587 3517 numero
617 3446 815 3529 accedimus,
853 3445 894 3512 de
923 3445 1037 3531 quibus
1065 3446 1144 3511 nihil
1170 3449 1233 3514 nisi

129 3572 245 3618 nomen
272 3554 399 3624 tantum
428 3555 540 3622 afferre
567 3572 748 3637 possumus.
795 3549 879 3618 Sunt
905 3550 1005 3640 igitur
1024 3550 1098 3618 libri
1119 3575 1232 3619 manu-

129 3655 240 3742 scripti
261 3658 305 3723 hi.

196 3847 264 3910 217)
283 3867 343 3915 pag.
357 3852 418 3902 282.

195 3929 264 3994 218)
283 3937 330 3986 cfr.
349 3939 472 3990 Peterson
489 3941 506 3990 l.
520 3956 541 3990 c.
560 3956 618 4005 pag.
632 3939 691 3991 380.
704 3956 760 4005 sqq.

194 4015 264 4080 219)
283 4023 331 4072 cfr.
351 4041 410 4091 pag.
426 4026 485 4078 190.
503 4044 526 4078 a.
540 4029 582 4077 fin.

193 4101 262 4166 220)
281 4108 329 4158 cfr.
349 4113 417 4163 inter
434 4115 485 4165 alia
501 4130 558 4180 pag.
578 4111 636 4164 189.
660 4120 686 4164 ct
710 4129 775 4177 qnae
792 4114 842 4163 hoc
859 4113 918 4162 loco
936 4119 1096 4176 exponuntur
1114 4112 1230 4163 conferas

123 4201 180 4237 cunr
197 4189 228 4239 iis
246 4205 313 4254 quae
332 4197 404 4250 idem
421 4202 543 4253 Petersen
560 4198 690 4266 pug.180.
711 4199 770 4251 191.
789 4198 849 4250 392.
868 4200 993 4263 exposuit
