2752 4844
677 377 716 443 13

142 559 200 616 est
238 551 366 637 Itaque,
387 562 424 619 ut
446 562 570 619 ceteros
592 563 729 636 taceam,
750 553 834 617 inter
847 558 971 617 veteres
986 557 1133 615 auctores
1149 547 1246 613 Clan-

143 653 216 720 dius
239 654 414 722 Salmasius
428 660 481 740 ¹⁰⁷)
512 666 545 722 et
570 657 688 723 Petrus
707 655 910 743 Wesseling,
939 655 1151 720 recentiorum
1173 652 1246 717 Fri-

144 757 269 825 dericus
283 759 412 827 Ritschl
434 769 467 826 et
482 759 685 826 Christianus
700 761 866 844 Petersen,
888 757 1176 847 Cosmograpbiam
1190 756 1246 820 Iu·

142 862 185 926 lio
208 861 339 930 Oratori
367 866 529 945 tribuunt;
558 887 661 949 neque
689 887 765 930 vero
794 864 835 928 ad
863 887 958 949 quem
986 871 1149 928 auctorem
1175 883 1246 925 eam
1343 951 1346 957 Ι

140 966 331 1033 reducamus
352 969 418 1034 ullo
440 967 537 1033 modo
559 968 700 1033 dubitari
721 969 849 1054 poterit

228 1070 316 1136 Nam
338 1073 367 1137 si
388 1073 496 1158 paullo
519 1073 700 1138 accuratius
722 1073 957 1158 manuscriptos
972 1066 1246 1156 Oosmographiae

141 1175 271 1240 codices
290 1175 483 1261 inspexeris,
506 1177 615 1242 statim
637 1177 807 1262 apparebit
828 1174 974 1256 Aetbici,
1003 1195 1099 1258 quem
1120 1177 1247 1256 putant,

142 1278 385 1366 Geograpbiam
415 1278 502 1343 aliud
530 1279 610 1344 nihil
639 1301 709 1344 esse
739 1278 801 1343 nisi
829 1278 903 1343 libri
931 1277 1016 1359 eius,
1047 1276 1102 1361 qni
1129 1274 1247 1339 Iulium

141 1382 321 1448 Honorium
349 1390 387 1447 ut
415 1391 577 1449 auctorem
605 1384 743 1470 profert,
776 1381 994 1448 recensionem
1026 1379 1122 1444 aliam
1150 1386 1246 1462 atque

143 1495 279 1551 auctam.
319 1486 474 1571 Existrmt
491 1495 597 1551 antem
613 1485 887 1574 Oosmograpbiae
900 1483 1102 1549 recensiones
1118 1483 1246 1547 omnino

141 1600 222 1673 tres,
250 1613 384 1674 quarum
407 1590 548 1655 secunda
569 1590 698 1675 quidem
722 1589 885 1675 hucusque
906 1587 1049 1653 nondum
1071 1586 1159 1651 edita
1180 1595 1244 1652 est:

140 1717 222 1778 quae
252 1716 316 1778 qua
343 1694 545 1780 potissimum
571 1695 695 1760 ratione
725 1718 764 1759 ex
792 1716 869 1758 vero
890 1692 965 1757 Iulii
987 1691 1136 1758 Oratoris
1163 1690 1246 1756 libro

140 1806 230 1862 ortae
253 1821 322 1863 esse
344 1796 524 1880 videantur,
545 1797 580 1861 id
602 1799 668 1864 suis
690 1798 769 1863 locis
791 1798 874 1861 infra
896 1795 1193 1860 demonstrabimus·

228 1901 281 1963 De
306 1900 390 1964 Iulio
411 1900 558 1965 Honorio
586 1902 670 1966 enim
698 1909 828 1965 auctore
851 1897 1125 1985 Cosmographiae
1154 1897 1245 1962 dubi·

140 2004 202 2068 tari
223 2011 334 2069 vetant
361 2004 570 2090 manuscripti
598 2003 719 2068 codicis
745 1995 919 2067 auttoritas
941 2008 974 2064 et
996 2000 1094 2064 verba
1116 1999 1246 2065 Cassio-

140 2107 219 2173 dori.
265 2108 352 2172 Nam
374 2107 455 2172 liber
475 2107 528 2172 ille
550 2106 784 2173 vetustissimus
807 2114 839 2172 et
860 2103 990 2189 reliquis
1013 2103 1173 2169 secundae
1196 2113 1245 2169 at-

139 2235 201 2296 que
222 2213 338 2277 tertiae
359 2212 553 2278 recensionis
568 2209 793 2296 manuscriptis
812 2211 908 2298 longe
928 2208 1090 2293 antiquior
1110 2208 1145 2272 in
1159 2207 1245 2274 hunc

138 2316 268 2381 modum
291 2317 422 2402 explicit
435 2319 507 2401 ¹⁰⁸):

228 2419 341 2501 „Haec
363 2421 471 2485 omnia
491 2420 525 2483 in
547 2417 762 2504 descriptione
783 2427 873 2483 recta
895 2417 1089 2504 orthografie
1104 2425 1244 2482 transtu·

139 2523 176 2586 lit
203 2523 332 2608 publice
360 2525 406 2588 rei
435 2524 604 2588 consulens
625 2522 727 2587 Iulius
748 2521 913 2586 Honorius
941 2509 1094 2606 magister
1121 2522 1245 2606 peritus

140 2627 245 2712 adque
273 2627 342 2692 sine
369 2626 476 2711 aliqua
505 2625 704 2691 duritatione
732 2625 938 2690 doctissimus
966 2623 1021 2688 illo
1049 2625 1176 2688 nolente
1205 2646 1244 2688 ac

138 2731 389 2817 subterfugiente
410 2738 522 2795 nostra
542 2729 686 2817 parvitas
706 2729 840 2815 protulit
862 2727 1040 2815 divulgavit
1061 2738 1094 2794 et
1115 2728 1244 2813 publice

137 2834 289 2899 scientiae
312 2834 437 2899 obtulit.
995 2875 998 2880 ·

224 2938 462 3023 Excerptorum
495 2947 648 3023 excerpta
680 2938 832 3024 explicita
865 2936 1079 3026 orthografiae
1112 2961 1132 3003 a
1158 2936 1243 3003 Irdio

137 3039 276 3105 Oratore
299 3042 463 3125 utriusque
485 3043 564 3107 artis
585 3042 751 3107 feliciter.“

227 3141 337 3223 Quare
360 3140 632 3229 Cosmographia,
662 3145 690 3210 si
715 3167 780 3207 non
808 3144 848 3208 ab
877 3143 948 3227 ipso
977 3142 1060 3206 Iulio
1085 3143 1243 3226 Honorio,

137 3253 244 3310 tamen
273 3269 313 3310 ex
342 3247 516 3332 exemplari
545 3269 608 3330 quo
636 3248 671 3312 in
692 3246 811 3312 scholis
832 3246 885 3310 ille
906 3244 1073 3329 utebatur,
1103 3246 1142 3311 ab
1166 3269 1243 3312 ano-

135 3371 233 3436 nymo
257 3348 415 3436 discipulo
438 3351 506 3415 eius
526 3351 687 3438 exscripta
709 3351 777 3418 sive
797 3350 906 3436 potins
927 3348 1093 3436 divirlgata
1107 3359 1166 3435 est,
1187 3375 1244 3416 ne·

136 3475 198 3536 que
220 3452 317 3517 ullam
341 3476 471 3519 causam
488 3454 630 3520 invenire
644 3436 824 3542 possumus,
849 3477 906 3519 cnr
921 3455 1044 3519 auctori
1059 3456 1113 3520 alii
1126 3456 1243 3521 librum

136 3556 345 3642 assignemus.
391 3558 532 3624 Accedit
554 3559 641 3644 quod
663 3560 791 3624 saeculo
813 3568 906 3624 sexto
927 3558 1070 3646 Magnus
1092 3560 1243 3626 Aurelius

136 3657 350 3727 Cassiodorus
377 3661 453 3728 Iulii
478 3661 616 3728 Honorii
644 3661 934 3751 cosmographiam
963 3663 1013 3729 his
1040 3664 1147 3730 verbis
1173 3665 1243 3730 lau·

135 3761 277 3847 dat¹⁰⁹):

206 3942 272 4006 107)
291 3945 492 3997 Exercitationes
510 3949 641 3998 Plinianae
660 3956 707 3998 etc.
726 3964 784 4013 pag.
798 3947 849 3999 770
858 3950 891 3998 A.
910 3947 1005 3999 8361).

206 4027 273 4092 108)
290 4032 379 4096 Pomp.
390 4034 459 4082 Mela
470 4035 509 4083 ed.
519 4035 615 4084 Abrab.
626 4034 736 4085 Gronov.
749 4032 1014 4099 Lngd.Batav.1722.
1027 4031 1064 4084 8⁰.
1076 4050 1101 4098 p.
1111 4033 1168 4083 701.
1180 4032 1240 4083 702.

205 4114 272 4178 109)
291 4119 327 4167 Μ.
345 4119 444 4170 Aurelii
463 4120 610 4171 cassiodori
629 4119 722 4185 Opera,
741 4125 824 4173 studio
842 4124 862 4172 1.
883 4122 986 4173 Garetii.
1013 4122 1149 4183 Rotomagi
1164 4119 1238 4170 1679.

133 4210 195 4252 tom.
207 4202 240 4253 IL
259 4206 317 4266 „De
334 4207 492 4259 institutione
510 4209 650 4258 munaum
666 4209 806 4260 litterarum
817 4207 905 4261 liber“.
924 4208 1031 4274 cap25.
1049 4223 1107 4272 pag.
1118 4207 1177 4259 553.
1187 4209 1221 4258 A.
