2752 4844
736 386 799 452 150

218 582 292 625 non
313 560 512 647 legant““.
546 559 657 624 Locus
678 566 786 624 tamen
808 561 860 625 ille
882 560 916 624 in
931 558 1189 648 Cosmographia
1209 560 1321 628 Ethici

218 663 314 729 hodie
335 686 400 728 non
421 671 520 728 extat.
888 660 894 670 '
1093 686 1097 691 ·

307 767 422 833 Tantis
448 767 548 855 igitur
577 767 771 855 argumentis
800 774 833 833 et
863 765 1017 831 librorum
1045 766 1148 835 MSS.
1179 769 1321 849 omnium

220 870 314 935 simul
342 871 526 937 auctoritati
554 873 750 954 insistentes,
783 868 1071 963 Oosmographiam
1097 870 1210 936 Ethici
1240 895 1261 936 a
1288 871 1321 938 S.

219 972 419 1060 Hieronymo
448 974 655 1042 Stridoueuse
669 976 769 1039 'intra
796 995 896 1039 annos
925 974 1001 1041 396.
1030 982 1065 1038 et
1086 975 1160 1043 409.
1185 997 1219 1060 p.
1244 972 1321 1039 Chr.

220 1098 251 1140 n.
279 1075 314 1140 in
340 1077 524 1144 Palaestina
551 1087 648 1164 atque
663 1086 666 1091 ’
679 1076 869 1163 Bethlehem
904 1077 1089 1142 translatam
1122 1077 1221 1144 fuisse
1256 1098 1322 1144 cre·

220 1177 334 1245 dimus.
369 1232 372 1237 .

277 1331 280 1336 -
308 1281 401 1364 Quae
422 1308 474 1352 res
495 1295 533 1351 ut
554 1309 592 1350 eo
614 1285 716 1373 magis
740 1285 944 1351 confirmetur
966 1285 1110 1370 sequenti
1131 1284 1240 1370 capite
1261 1284 1322 1349 iam

220 1406 304 1451 nova
325 1399 514 1476 argumenta
535 1388 725 1455 adducenda
746 1397 827 1454 sunt.

612 2056 833 2176 CAPVT
869 2058 931 2172 ll.
1035 2062 1039 2066 ’

368 2255 432 2320 DE
455 2254 671 2323 LITTERIS
694 2248 856 2320 ETHICI
877 2248 1196 2362 PHILOSOPHL

307 2425 448 2494 Sanctus
463 2429 691 2514 ¹Hieronymus
719 2428 753 2490 in
781 2423 1038 2512 Oosmographia
1065 2449 1129 2490 non
1157 2448 1222 2493 uno
1251 2427 1320 2492 loco

221 2526 262 2593 de
287 2529 404 2596 litteris
430 2531 574 2616 disputat
602 2551 682 2614 quas
711 2529 752 2595 ab
773 2529 892 2594 Ethioo
921 2530 1067 2596 inventas
1095 2552 1166 2595 esse
1188 2528 1321 2595 dicit-et

221 2630 410 2719 dispositae,
432 2633 556 2699 scilicet
577 2656 651 2720 pag.
668 2635 743 2702 500.
766 2633 873 2697 initio:
903 2632 993 2716 „Sua
1020 2632 1082 2698 sibi
1109 2632 1195 2698 idem
1218 2633 1321 2720 philo·

221 2735 340 2820 sophus
363 2737 553 2801 auctoritate
575 2736 719 2820 praelata
741 2737 831 2821 quasi
854 2758 965 2802 omnes
985 2736 1176 2802 assertiones
1199 2737 1322 2822 clusin

222 2839 345 2905 cunctis
360 2838 525 2904 codicibus
546 2839 617 2922 quis
638 2838 756 2905 audeat
775 2848 831 2904 aut
844 2840 980 2904 retinere
1002 2847 1058 2904 aut
1074 2837 1220 2920 credere3
1246 2841 1322 2905 ista·

221 2964 283 3026 que
305 2966 325 3006 a
345 2941 439 3007 nobis
460 2941 493 3005 in
515 2952 676 3008 momento
698 2943 748 3007 vel
771 2941 891 3030 passim
915 2942 983 3006 eius
1003 2941 1119 3007 litteris
1140 2943 1174 3006 in
1196 2941 1321 3007 brevia·

220 3044 302 3110 rium
331 3043 575 3133 divulgavimus.
621 3046 679 3112 Ille
702 3069 743 3112 ex
764 3055 856 3132 parte
877 3045 1044 3132 gentilium
1065 3045 1189 3111 litteras
1213 3046 1321 3132 expla-

219 3169 296 3211 nare
317 3148 415 3213 nimio
438 3150 597 3237 enigmate
622 3158 806 3233 contentus,
836 3171 877 3212 ex
904 3155 996 3233 parte
1024 3166 1158 3235 graecas
1180 3149 1321 3235 syllabas

221 3250 346 3334 elicuit,
378 3252 482 3340 magis
508 3253 573 3319 imo
601 3275 639 3319 ac
667 3252 771 3340 magis
792 3253 893 3317 latina
920 3251 1071 3336 prosodia
1099 3252 1229 3339 posuit“
1261 3260 1320 3318 etc.

220 3353 346 3417 Deinde
367 3377 441 3444 pag.
458 3358 539 3441 502,
562 3360 599 3424 ll:
631 3357 732 3440 „Eius
761 3354 941 3421 abecedarii
963 3357 995 3420 in
1018 3355 1164 3440 sequenti
1189 3354 1320 3421 charac-

218 3463 303 3540 teres
323 3459 514 3544 no'tavimus,
536 3460 624 3546 quod
644 3459 761 3524 nostris
783 3458 1021 3524 characteribus
1041 3458 1223 3524 nullatenus
1245 3480 1320 3524 con-

219 3559 316 3644 venit,
331 3563 389 3628 sed
403 3563 572 3646 hebraicis,
594 3562 719 3650 graecis
733 3568 767 3626 et
781 3562 898 3645 latinis,
914 3561 1099 3646 chaldaicis,
1113 3561 1209 3648 syriis
1224 3569 1320 3647 atque

219 3666 394 3752 aegyptiis,
423 3689 504 3752 quae
526 3665 618 3730 nobis
642 3687 681 3730 ex
703 3673 795 3750 parte
817 3665 923 3730 vicina
943 3673 1032 3746 sunt3
1055 3665 1109 3731 hic
1129 3688 1208 3730 vero
1229 3687 1319 3732 suam

217 3764 443 3834 litterationem
465 3778 498 3833 et
517 3767 813 3859 interpretationem
840 3767 924 3833 inter
951 3769 1091 3853 reliquos
1111 3767 1321 3855 philosophos

217 3891 275 3954 per
297 3879 397 3935 semet
418 3872 524 3957 ipsum
546 3871 633 3937 nisus
655 3881 714 3955 est,
737 3893 818 3957 quae
842 3871 940 3955 aliqui
962 3879 996 3936 et
1017 3870 1228 3959 quamplures
1243 3872 1320 3958 g'en·

217 3972 321 4037 tilium
344 3972 516 4060 scriptores
537 3973 571 4038 in
593 3997 669 4041 usus
690 3975 796 4041 varios
818 3974 977 4058 scribunt,
998 3974 1114 4043 lineam
1136 3974 1170 4039 in
1193 3972 1322 4040 diversa

218 4079 405 4160 ponentes“.
433 4075 599 4162 ‘Denique
627 4102 701 4166 pag.
724 4080 806 4160 511,
835 4100 865 4140 v.
882 4081 901 4144 5
918 4099 1004 4163 sqq:
1039 4078 1170 4165 „Ipsum
1194 4098 1321 4163 quoque

217 4199 345 4244 carmen
374 4180 492 4247 talibus
518 4180 757 4248 characteribus
779 4179 942 4264 distinxit,
969 4191 1008 4247 ut
1029 4182 1134 4248 nullus
1155 4181 1322 4249 hominum
