2752 4844
293 836 340 884 DE
359 834 472 885 LIBRIS
491 834 564 884 MSS.
586 834 647 897 QVI
664 835 714 884 AD
733 834 814 885 ΕΔΜ.
830 834 860 884 Β.
880 834 1081 884 PERTINENT.
1184 826 1236 872 ‘0

224 967 392 1035 Secrmdae
413 967 552 1034 familiae
576 966 704 1034 codices
726 967 872 1052 inscripti
895 975 985 1033 sunt:

247 1069 360 1155 ,INQ
384 1068 617 1138 DIMENSIO
646 1069 872 1138 VNIVERSI
900 1069 1037 1162 ORBIS
1066 1068 1239 1137 TERRA-

266 1173 371 1242 RVM
393 1176 425 1240 A
447 1174 540 1240 IVL.
565 1171 793 1257 CAESARE,
817 1170 985 1250 MARCO
1007 1172 1068 1243 ΕΤ
1091 1171 1238 1241 ΑΝΤΟ-

267 1276 387 1344 NINO
428 1275 726 1344 CONSVLIBVS
765 1273 933 1342 FACTA.
1001 1275 1116 1343 Omnis
1153 1278 1239 1344 orbis

267 1385 475 1470 peragratur“
500 1389 561 1446 eto.

135 1510 176 1553 ex
199 1486 249 1552 his
278 1493 343 1552 tres
366 1484 467 1552 MSS.
490 1483 563 1549 libri
593 1491 667 1569 post
689 1482 786 1549 verba
811 1483 958 1565 ,Massili
979 1505 1067 1571 gene.
1113 1484 1239 1550 Avenei

134 1594 234 1678 gens“
258 1590 292 1655 in
313 1591 375 1654 fine
397 1589 504 1674 operis
526 1587 681 1653 adiiciunt
702 1587 808 1653 locum
823 1588 913 1652 illum
928 1585 969 1652 de
985 1594 1144 1671 ,quatuor
1156 1585 1239 1654 an-

135 1695 235 1759 sareis
263 1693 323 1758 sub
352 1716 412 1757 axe
437 1691 580 1756 mundi“.
628 1689 694 1772 Qui
724 1701 831 1759 autem
860 1689 902 1756 ad
922 1691 999 1756 fam.
1014 1689 1054 1754 B.
1078 1691 1240 1777 pertinent

135 1899 298 1983 Hispania
325 1896 506 1982 conscripto
535 1919 632 1982 supra
662 1897 810 1962 diximus.
854 1897 929 1963 Hoc
951 1895 1067 1963 deinde
1088 1898 1239 1963 vetustis-

137 2003 253 2067 simum
276 1999 454 2084 exemplar,
476 2006 513 2064 ut
534 1998 678 2082 videtur,
706 2007 812 2064 ortum
835 2006 884 2065 est
906 2022 947 2064 ex
969 1999 1081 2064 codice
1102 1999 1178 2063 fam.
1195 2001 1236 2065 A.

136 2103 368 2188 antiquissimo,
390 2101 514 2168 scilicet
535 2126 575 2168 ex
597 2103 708 2168 codice
723 2101 924 2170 Scorialense
944 2102 1064 2168 saeculi
1078 2101 1237 2185 VIIL¹⁴⁷)

136 2208 202 2291 qui,
225 2207 370 2291 quamvis
392 2205 521 2270 titulum
537 2203 705 2294 Cosmogr.
728 2205 847 2272 habeat
862 2203 1116 2290 ,DIMENSIO
1132 2204 1238 2272 TER-

135 2308 270 2393 ΒΑΜ
298 2319 407 2375 tamen
435 2332 515 2396 opus
540 2310 647 2398 ipsum
668 2309 757 2376 hisce
780 2309 887 2376 verbis
909 2309 1023 2396 incipit
1046 2309 1131 2392 ,Iul
1156 2307 1240 2376 Cae·

136 2417 227 2479 sare“
252 2422 313 2478 etc.

225 2516 449 2605 Archetypum
479 2540 556 2582 vcro
584 2515 731 2581 codicum
752 2515 827 2578 fam.
844 2515 883 2578 B.
906 2515 1042 2580 fortasse
1065 2514 1168 2581 codex
1191 2525 1240 2582 est

136 2621 321 2709 Augiensis,
344 2643 439 2705 quem
461 2619 564 2705 primo
586 2621 657 2685 loco
679 2617 915 2683 recensebimus
929 2619 995 2700 ¹⁴⁸).

224 2830 265 2894 B.
299 2828 395 2896 cod.
411 2829 698 2918 Augiensis¹⁴⁹l
716 2851 810 2914 quem
832 2837 907 2913 post
930 2851 1047 2894 annum
1064 2828 1140 2897 822.
1164 2832 1240 2895 con-

137 2934 240 3000 ditum
262 2956 326 2998 non
348 2935 445 2999 fuisse
468 2957 507 2998 eo
530 2932 700 3020 colligitur,
723 2931 809 3017 quod
825 2941 919 2998 vetus
933 2933 987 3014 ille
1000 2931 1155 2998 librorum
1169 2933 1240 2998 Au·

137 3037 294 3123 giensium
324 3037 507 3122 catalogue,
542 3036 600 3120 qui
627 3042 773 3099 nostrum
802 3057 928 3119 quoque
955 3035 1072 3101 librum
1100 3034 1240 3118 exhibet,

137 3139 223 3201 intra
245 3159 344 3201 annos
367 3137 431 3204 787
455 3147 488 3202 et
510 3137 575 3204 822
598 3138 639 3202 ab
654 3135 853 3222 Reginberto
870 3136 1029 3202 monacho
1044 3138 1241 3222 compositus

138 3248 198 3306 est.
243 3239 345 3305 Vide:
368 3238 519 3326 Ncugart
542 3238 785 3324 ,Episcopatus
813 3237 1094 3305 Constantiensis“
1118 3239 1239 3307 tonal.

136 3366 214 3430 pars
231 3348 259 3411 1.
282 3366 356 3431 pag.
374 3342 449 3410 548.
468 3344 521 3422 150)

209 3522 275 3586 147)
295 3525 339 3574 cfr.
359 3541 435 3589 supra
452 3539 510 3589 pag.
527 3521 568 3572 28.
587 3532 646 3587 post
663 3526 729 3574 med.

209 3608 276 3671 148)
296 3612 340 3660 csr.
360 3626 436 3676 snpra
453 3627 511 3674 pag.
525 3608 567 3659 28.
586 3625 609 3658 a.
622 3611 665 3659 fin.

211 3693 277 3757 149)
296 3697 381 3760 Augia
403 3698 495 3758 Dives,
518 3696 593 3744 hodie
616 3695 796 3753 „Reichcnau“
821 3697 960 3760 appellata,
984 3699 1032 3746 sita
1054 3705 1094 3746 est
1114 3698 1241 3748 ininsula

137 3784 208 3838 lacus
226 3783 318 3831 Veneti
335 3797 415 3846 prope
435 3781 618 3832 Constantiam.

211 3865 277 3929 150)
297 3868 465 3931 Episcopatus
484 3866 686 3917 Constantiensis
704 3866 886 3917 Alamannicus
909 3869 955 3918 snb
978 3869 1115 3933 Metropoli
1132 3871 1240 3933 Mogun·

138 3955 193 4004 tina
211 3969 269 4002 cum
282 3955 483 4014 Vindonissensi,
502 3955 543 4002 cui
561 3953 690 4013 suecessit,
709 3953 735 4000 in
753 3953 901 4016 Burgundio
912 3955 1082 4004 Transiurana
1093 3955 1239 4004 Provinciae

138 4040 295 4090 Vesontinae
313 4041 375 4090 olim
392 4040 507 4100 fundato,
525 4039 704 4102 chronologice
723 4046 749 4087 et
766 4040 927 4102 diplomatice
938 4041 1075 4092 illustratus
1087 4055 1110 4089 a
1119 4040 1149 4088 P.
1158 4041 1240 4090 Trud-

139 4135 214 4190 perto
225 4127 345 4190 Neugart
372 4126 454 4175 Partis
465 4126 486 4175 Ι.
499 4126 574 4180 Tom.
585 4124 608 4175 1.
622 4127 688 4189 typis
700 4124 727 4174 S.
740 4125 819 4175 Blasii
835 4125 911 4176 1803.
924 4119 961 4175 4⁰.
979 4142 1005 4190 p.
1015 4123 1168 4176 547-552ι
1182 4128 1239 4185 „In-

139 4213 201 4276 cipit
213 4212 294 4261 brevis
306 4213 428 4263 librorum
440 4228 504 4276 quos
521 4227 569 4275 ego
587 4211 755 4274 Reginbcrtna
773 4213 890 4276 indignus
907 4212 1047 4262 monachus
1063 4218 1140 4275 atquc
1157 4215 1240 4265 scriba

996 4292 1040 4359 3.
