2752 4844
385 1492 387 1497 )
486 1246 877 1462 rnrairno.

637 1629 726 1636 *α

134 1775 461 1907 Dissertationem
491 1835 536 1905 de
566 1833 856 1933 Oosmographia
884 1832 1019 1922 Ethici,
1051 1841 1134 1904 ante
1164 1830 1234 1903 hos

137 1976 204 2025 sex
225 1975 371 2026 menses
393 1951 647 2050 conscriptam,
670 1954 868 2025 lectoribus
888 1952 1065 2024 tradituro
1083 1951 1173 2023 mihi
1190 1951 1235 2022 de

137 2071 288 2145 consilio
319 2098 438 2172 pauca
466 2071 676 2147 disserenda
706 2081 798 2145 sunt.
846 2071 1017 2144 Fortasse
1036 2070 1145 2175 =enim
1170 2070 1236 2142 mi-

135 2219 216 2266 rum
241 2194 409 2268 videatur
434 2203 471 2267 et
494 2193 630 2284 inutile,
655 2194 754 2291 quod
779 2202 866 2292 post
890 2193 1017 2266 doctas
1043 2191 1237 2265 Christiani

135 2313 310 2389 Petersen
335 2325 373 2390 et
388 2315 604 2390 D’Avezaoii
629 2316 674 2388 de
701 2314 830 2388 eodem
846 2313 940 2388 libro
960 2315 1237 2388 commentatio-

137 2460 202 2508 nes
231 2437 361 2511 tertius
392 2463 461 2536 ego
495 2437 541 2509 ad
571 2460 650 2509 rem
684 2461 771 2508 sane
802 2435 1051 2510 difficillimam
1082 2435 1236 2510 accessi:

139 2557 237 2652 quod
264 2566 361 2630 certe
386 2583 461 2628 non
485 2555 664 2646 fecissem,
688 2557 726 2628 ni
749 2557 808 2629 vel
830 2557 962 2629 horum
980 2556 1145 2629 virorum
1163 2567 1237 2628 stu-

138 2677 206 2750 diis
234 2703 309 2750 non
341 2676 463 2750 omnia
488 2677 656 2751 absoluta
680 2700 761 2751 esse
785 2678 1067 2776 perspexissem.
1117 2674 1238 2766 Quum

139 2797 235 2871 enim
265 2798 338 2871 iam
373 2799 457 2872 inde
493 2798 538 2870 ab
575 2824 671 2871 anno
702 2797 895 2875 MDOOOL
927 2798 1238 2898 Oosmographiae

138 2919 238 2992 libris
268 2919 523 3018 manuscriptis
555 2919 925 3019 undiquecongestis
950 2945 1079 2995 eorum
1103 2921 1239 3020 praesi-

139 3040 200 3113 dio
217 3040 400 3113 tutissimo
417 3040 464 3112 de
480 3040 610 3114 Ethico
630 3042 861 3138 quaestiones
879 3041 1127 3132 instituissem,
1149 3067 1240 3113 mox

142 3160 186 3231 de
218 3169 368 3232 auctore
398 3160 479 3256 ipso
510 3169 549 3230 et
579 3161 624 3232 de
652 3160 753 3231 libris
779 3160 856 3232 eius
881 3161 1070 3233 notionem
1095 3161 1240 3259 suscepi

141 3280 186 3351 ab
217 3279 260 3352 iis
291 3279 479 3354 sententiis
504 3278 664 3352 maxime
690 3279 887 3371 diversam,
917 3306 1006 3378 quas
1039 3282 1084 3354 de
1109 3282 1239 3355 iisdem

140 3400 250 3474 rebus
280 3425 396 3498 usque
429 3424 472 3472 eo
506 3399 575 3473 viri
607 3400 707 3474 docti
742 3402 981 3501 protulerant.
1037 3403 1142 3477 Hanc
1173 3403 1238 3501 igi-

140 3532 200 3595 tur
225 3547 269 3594 eo
295 3521 415 3595 minus
448 3521 634 3595 celandam
665 3520 755 3595 mihi
783 3548 863 3596 esse
886 3524 1028 3622 putavi,
1068 3551 1141 3623 quo
1164 3528 1265 3598 ma„v
1340 3500 1346 3511 Ι

141 3644 196 3741 gis
222 3643 330 3715 etiam
353 3668 451 3717 nunc
468 3641 713 3716 Christianum
729 3642 904 3717 Petersen
922 3653 959 3717 et
974 3644 1241 3721 D'Avezacium

141 3765 175 3836 in
213 3764 379 3839 omnibus
416 3763 493 3837 fere
531 3763 740 3839 discessisse
772 3764 1021 3864 intelligerem.
1079 3767 1242 3859 Accedit,

143 3886 242 3982 quod
267 3885 460 3959 doctorum
485 3884 675 3958 hominum
701 3886 810 3958 etiam
834 3886 868 3978 ii,
893 3888 955 3984 qui
979 3888 1016 3960 in
1041 3889 1155 3962 verba
1178 3915 1240 3960 an·-

142 4006 386 4080 tecedentium
404 4006 623 4105 scriptorum
645 4033 719 4080 non
739 4006 899 4080 iurantes
916 4034 983 4082 suo
1001 4009 1133 4084 iudicio
1151 4006 1241 4083 Oos·

143 4128 394 4227 mographiam
402 4127 522 4201 Ethici
538 4137 748 4219 tractarunt,
764 4129 981 4203 coniecturis
998 4131 1113 4228 magis
1132 4156 1240 4227 quam

143 4247 304 4323 fontibus
330 4249 417 4348 ipsis
443 4248 549 4322 innisi
573 4259 672 4339 sunt3
698 4249 767 4323 hos
790 4249 900 4348 igitur
917 4260 1000 4324 ante
1019 4252 1141 4325 omnia
1157 4279 1242 4352 ape-
