2752 4844
653 391 715 459 185

135 588 201 632 sus
223 565 335 631 orbis
357 572 490 630 terrae
511 564 730 649 frequentatus
753 573 817 646 est3
840 565 888 632 sie
909 566 1055 632 nationes
1077 588 1135 631 eae
1152 588 1235 650 quae

135 667 378 754 Occidentis
405 676 562 755 partem
584 676 624 734 et
644 667 844 756 Europam
866 668 1031 753 habitant,
1059 672 1087 735 si
1107 677 1235 735 nostras

134 773 260 839 fabulas
281 771 513 856 consequimur,
537 794 578 837 ex
595 771 713 838 Troiae
733 772 822 838 urbis
843 773 920 861 igne
939 781 973 839 et
995 772 1154 838 cineribus
1175 772 1235 837 ini·

134 877 214 942 tium
238 875 369 942 ducunt.
405 871 515 956 Quum
537 875 622 940 enim
643 883 718 940 ante
732 875 908 942 Troianum
930 876 1046 942 bellum
1068 875 1236 942 nullafere

134 980 325 1066 populorum
353 977 517 1043 distinctio
546 986 647 1060 esset,
674 979 721 1044 ita
748 988 785 1044 ut
811 979 899 1065 apud
919 980 1097 1045 Homerum
1123 979 1236 1071 eadem

135 1084 245 1170 lingua
265 1104 376 1148 omnes
398 1104 474 1147 usos
496 1103 566 1146 esse
587 1081 797 1164 inveniamus,
819 1083 874 1168 qui
892 1106 932 1148 ne
947 1081 1093 1149 Graecos
1107 1083 1237 1168 quidem

136 1208 156 1251 a
177 1186 394 1252 Barbarorum
416 1183 564 1272 gentibus
587 1184 771 1268 divisit⁶⁰¹),
792 1195 868 1272 post
889 1209 1033 1253 eversam
1050 1187 1182 1253 Troiam
1203 1188 1236 1253 in

135 1290 281 1355 nationes
302 1289 419 1354 multas
442 1297 628 1377 segregatos
649 1289 748 1354 iirisse
767 1311 825 1357 eos
844 1290 990 1378 legimus.

222 1392 338 1477 Neque
360 1390 482 1458 Graeci
503 1393 606 1458 solum
632 1401 665 1458 et
685 1392 813 1476 Latini,
842 1403 898 1459 aut
926 1395 982 1480 qui
1002 1394 1118 1482 Magni
1139 1394 1238 1460 maria

135 1520 193 1562 ora
213 1495 404 1562 habitabant
425 1498 553 1584 populi,
579 1497 621 1562 ab
643 1496 791 1563 incendio
813 1496 931 1564 Troiae
952 1499 1045 1564 initia
1066 1520 1126 1564 sua
1146 1484 1237 1584 repe-

135 1600 262 1665 tebant:
291 1598 379 1666 haud
408 1600 500 1666 aliter
527 1602 612 1666 enim
635 1602 710 1685 quia
731 1600 843 1666 eadem
866 1602 967 1688 stirpe
989 1611 1078 1667 ortas
1098 1623 1168 1668 sese
1189 1601 1238 1666 in·

134 1705 316 1792 telligerent
330 1701 542 1769 Germanicae
563 1726 691 1790 quoque
712 1712 825 1792 gentes
847 1726 888 1769 ex
909 1704 964 1769 illa
983 1704 1062 1770 urbe
1077 1703 1237 1788 quondam

136 1807 273 1872 maiores
295 1829 370 1872 suos
391 1807 585 1891 processisse
607 1807 837 1892 opinabantur.¹

227 1910 257 1975 1.
302 1907 396 1990 Quae
419 1907 549 1991 quidem
570 1908 708 1991 fabulae,
729 1909 762 1972 ni
784 1909 887 1991 fallor,
910 1908 997 1994 apud
1020 1909 1165 1976 Graecos
1187 1934 1239 1976 or·

136 2021 190 2077 tae
212 2019 303 2095 sunt,
332 2032 352 2074 a
380 2011 497 2095 quibus
518 2010 560 2076 ad
583 2011 719 2077 maiores
741 2020 869 2078 nostros
890 2023 1119 2097 pervenerunt3
1148 2015 1239 2081 euius

136 2116 183 2181 rei
206 2115 377 2203 vestigium
399 2114 562 2199 quoddam
576 2111 664 2200 apud
677 2113 867 2201 Euripidem
880 2115 1068 2182 invenimus.
1102 2118 1240 2204 Legitur

138 2220 221 2284 enim
242 2220 277 2284 in
299 2217 440 2286 Scholiis
462 2217 505 2283 ad
527 2216 777 2284 Andromachen
800 2217 842 2284 ad
864 2243 992 2286 versum
1013 2223 1089 2290 222.
1103 2223 1176 2304 ⁵⁰²):

226 2319 477 2408 „uvagapoimg
499 2320 563 2408 γὰρ
586 2327 621 2387 ἐν
644 2325 682 2412 τῇ
704 2319 737 2404 β
759 2325 825 2388 τῶν
843 2321 1040 2411 ’Aproi-cuein
1062 2322 1165 2402 οὕτως
1188 2329 1239 2390 it-

137 2446 201 2509 yet·
225 2425 244 2489 ὁ
268 2426 302 2490 δὲ
321 2422 482 2513 'Appiaria
503 2425 560 2488 καὶ
575 2421 819 2508 Σκαμάνδριον
839 2421 899 2491 τὸν
911 2422 1068 2513 Ἕκτορος
1089 2423 1162 2492 υἱὸν
1184 2431 1240 2492 καὶ

136 2533 346 2616 παλαίτερον.
380 2520 469 2607 ἦσαν
491 2529 526 2592 δὲ
548 2523 637 2610 αὐτῷ
657 2519 753 2603 οὗτος
773 2530 834 2612 μὲν
848 2525 965 2606 νόθος,
988 2523 1026 2605 ὃς
1039 2525 1240 2620 κατελήφθη

138 2639 173 2698 ἐν
192 2630 286 2716 Ἰλίῳ,
308 2633 364 2696 καὶ
387 2628 579 2696 ἀπόλλυται.
610 2619 702 2695 οὗτοιΙ
724 2631 758 2695 δὲ
781 2626 1007 2710 διασώζονται.
1037 2631 1079 2696 Σ
1081 2630 1240 2717 καμάν-

139 2738 254 2819 δριος
277 2736 316 2799 δὲ
340 2731 515 2822 ἀφίκετο
538 2739 596 2798 εἰν
623 2734 845 2798 Ταναῗόα“.

227 2838 385 2902 Troianos
407 2838 509 2919 enim,
540 2836 595 2920 qui
620 2858 660 2901 ex
681 2835 829 2903 incendio
850 2838 940 2904 urbis
961 2839 1005 2905 ad
1027 2862 1100 2905 oras
1120 2839 1242 2906 Euxini

138 2940 237 3004 Ponti
260 2941 480 3026 confugientes
501 2939 547 3004 ibi
569 2962 686 3004 novam
713 2940 825 3005 urbem
848 2949 945 3025 atque
967 2965 1086 3008 novum
1107 2967 1242 3031 reguum

139 3043 343 3108 constituisse
366 3040 571 3124 dicebantur,
596 3040 830 3109 Germanorum
852 3045 990 3110 maiores
1011 3047 1109 3112 firisse
1131 3048 1243 3113 volunt

137 3147 274 3211 fabulae.
321 3143 434 3227 Quare
458 3144 618 3210 nescimus
643 3146 670 3211 si
691 3170 774 3214 unus
786 3147 874 3211 -talia
894 3149 1110 3215 Anaxiorates
1131 3160 1243 3238 protu-

138 3250 228 3332 lerit3
251 3248 400 3334 equidem
423 3249 519 3312 alium
542 3247 648 3313 adhuc
669 3248 826 3312 neminem
849 3250 1136 3339 investigavimus·

227 3356 258 3422 2.
294 3350 388 3434 Quae
409 3359 518 3416 tamen
540 3358 613 3417 utut
635 3374 670 3417 se
692 3350 821 3435 habent,
844 3352 907 3418 hoc
929 3363 1053 3420 certum
1076 3366 1136 3440 est,
1159 3355 1243 3423 Ger-

140 3458 282 3523 manicas
303 3455 449 3521 nationes
464 3478 503 3520 ex
515 3454 664 3520 Troianis
684 3462 772 3521 ortas
790 3479 860 3523 sese
874 3447 1169 3546 praedicasse⁶⁰²·).
1197 3461 1245 3529 Et

212 3681 280 3745 501)
299 3687 344 3735 cfr.
356 3687 499 3749 Thukydid.
517 3687 538 3745 I,
558 3684 582 3734 3.

212 3765 281 3829 502)
299 3771 345 3820 cfr.
362 3773 490 3836 Euripidis
503 3771 660 3834 Tragoedias
677 3780 703 3822 et
720 3774 880 3838 Fragmenta,
898 3791 948 3825 rec.
968 3785 1016 3826 ete.
1033 3776 1101 3841 Aug.
1113 3777 1243 3839 Matthiae,

142 3866 203 3906 tom.
222 3855 255 3905 V.
274 3855 377 3918 Lipsiae
396 3856 472 3907 1818.
490 3853 533 3906 8⁰.
551 3871 610 3920 pag.
623 3856 683 3908 556.

212 3937 301 4001 scca)
320 3956 335 3990 e
359 3977 365 3990 .
378 3943 399 3991 Ι.
412 3943 539 4004 Grimm‚
559 3943 650 3994 Gesch.
670 3946 715 3994 der
733 3947 870 3997 deutschen
883 3944 995 4011 Spraohe
1008 3957 1068 4000 tom.
1077 3950 1099 4010 1,
1111 3965 1169 4014 pag.
1180 3950 1243 4000 520:

142 4029 240 4085 „Unter
261 4028 329 4078 allen
373 4029 493 4078 eutsehen
514 4029 634 4079 scheinen
653 4028 781 4081 Gertichte
799 4048 848 4083 von
867 4035 961 4084 uralter
977 4036 1181 4100 Einwanderung
1198 4053 1244 4086 aas

142 4115 221 4164 Asien
239 4114 449 4174 nachanzneken‚
467 4116 508 4165 die
527 4116 581 4164 sich
599 4116 657 4164 bald
675 4132 708 4166 an
725 4117 880 4179 Alexander,
899 4121 958 4170 bald
975 4136 1009 4170 an
1026 4122 1112 4184 Troja,
1130 4123 1245 4173 Priamus

141 4201 193 4248 und
209 4200 311 4250 Aeneas
330 4216 361 4249 zu
380 4199 494 4263 kniipi'en
512 4201 642 4252 suchten“.
