<?xml version="1.0" encoding="UTF-8"?>
<!DOCTYPE html PUBLIC "-//W3C//DTD XHTML 1.0 Transitional//EN"
    "http://www.w3.org/TR/xhtml1/DTD/xhtml1-transitional.dtd">
<html xmlns="http://www.w3.org/1999/xhtml" xml:lang="en" lang="en">
 <head>
  <title>
</title>
<meta http-equiv="Content-Type" content="text/html;charset=utf-8" />
  <meta name='ocr-system' content='tesseract 3.04.00' />
  <meta name='ocr-capabilities' content='ocr_page ocr_carea ocr_par ocr_line ocrx_word'/>
</head>
<body>
  <div class='ocr_page' id='page_1' title='image "./decosmographiae00pertgoog_0179.png"; bbox 0 0 2752 4844; ppageno 0'>
   <div class='ocr_carea' id='block_1_1' title="bbox 626 393 730 462">
    <p class='ocr_par' dir='ltr' id='par_1_1' title="bbox 626 393 730 462">
     <span class='ocr_line' id='line_1_1' title="bbox 626 393 730 462; baseline 0.019 -2"><span class='ocrx_word' id='word_1_1' title='bbox 626 412 628 417; x_wconf 81' lang='grc'>’</span> <span class='ocrx_word' id='word_1_2' title='bbox 667 393 730 462; x_wconf 84' lang='grc'>178</span> 
     </span>
    </p>
   </div>
   <div class='ocr_carea' id='block_1_2' title="bbox 144 567 1247 760">
    <p class='ocr_par' dir='ltr' id='par_1_2' title="bbox 144 567 1247 760">
     <span class='ocr_line' id='line_1_2' title="bbox 144 567 1247 657; baseline -0.005 -21"><span class='ocrx_word' id='word_1_3' title='bbox 144 577 372 657; x_wconf 87' lang='lat' dir='ltr'>repraesentat.</span> <span class='ocrx_word' id='word_1_4' title='bbox 417 567 504 643; x_wconf 83' lang='lat' dir='ltr'>Hinc</span> <span class='ocrx_word' id='word_1_5' title='bbox 533 590 630 654; x_wconf 86' lang='lat' dir='ltr'>supra</span> <span class='ocrx_word' id='word_1_6' title='bbox 658 570 727 633; x_wconf 89' lang='lat' dir='ltr'>eius</span> <span class='ocrx_word' id='word_1_7' title='bbox 753 575 851 653; x_wconf 88' lang='lat' dir='ltr'>caput</span> <span class='ocrx_word' id='word_1_8' title='bbox 876 567 1041 652; x_wconf 86' lang='lat' dir='ltr'>Illyricum</span> <span class='ocrx_word' id='word_1_9' title='bbox 1068 575 1176 632; x_wconf 85' lang='lat' dir='ltr'>exstat</span> <span class='ocrx_word' id='word_1_10' title='bbox 1204 569 1247 632; x_wconf 93' lang='lat' dir='ltr'>al-</span> 
     </span>
     <span class='ocr_line' id='line_1_3' title="bbox 144 671 1054 760; baseline -0.003 -23"><span class='ocrx_word' id='word_1_11' title='bbox 144 674 319 760; x_wconf 87' lang='lat' dir='ltr'>phabetum</span> <span class='ocrx_word' id='word_1_12' title='bbox 409 680 505 757; x_wconf 90' lang='lat' dir='ltr'>atque</span> <span class='ocrx_word' id='word_1_13' title='bbox 523 671 610 736; x_wconf 85' lang='lat' dir='ltr'>infra</span> <span class='ocrx_word' id='word_1_14' title='bbox 630 672 747 758; x_wconf 86' lang='lat' dir='ltr'>legitur</span> <span class='ocrx_word' id='word_1_15' title='bbox 769 671 849 736; x_wconf 83' lang='lat' dir='ltr'>hacc</span> <span class='ocrx_word' id='word_1_16' title='bbox 870 671 1054 756; x_wconf 79' lang='lat' dir='ltr'>inscriptio:</span> 
     </span>
    </p>
   </div>
   <div class='ocr_carea' id='block_1_3' title="bbox 142 808 1243 1425">
    <p class='ocr_par' dir='ltr' id='par_1_3' title="bbox 167 808 1225 892">
     <span class='ocr_line' id='line_1_4' title="bbox 167 808 1225 892; baseline -0.006 0"><span class='ocrx_word' id='word_1_17' title='bbox 167 825 201 892; x_wconf 83' lang='lat' dir='ltr'>S.</span> <span class='ocrx_word' id='word_1_18' title='bbox 223 808 511 889; x_wconf 76' lang='lat' dir='ltr'><strong>HIERONYMV</strong></span> <span class='ocrx_word' id='word_1_19' title='bbox 512 820 536 890; x_wconf 85' lang='lat' dir='ltr'>S</span> <span class='ocrx_word' id='word_1_20' title='bbox 559 818 870 887; x_wconf 73' lang='lat' dir='ltr'><strong>LITTERARVM</strong></span> <span class='ocrx_word' id='word_1_21' title='bbox 891 813 1225 887; x_wconf 84' lang='lat' dir='ltr'><strong>ILLYRICARVM</strong></span> 
     </span>
    </p>

    <p class='ocr_par' dir='ltr' id='par_1_4' title="bbox 521 916 866 1007">
     <span class='ocr_line' id='line_1_5' title="bbox 521 916 866 1007; baseline -0.012 -17"><span class='ocrx_word' id='word_1_22' title='bbox 521 916 786 991; x_wconf 82' lang='lat' dir='ltr'>INVENTOR“</span> <span class='ocrx_word' id='word_1_23' title='bbox 801 925 866 1007; x_wconf 84' lang='lat'><strong>⁴⁸⁵).</strong></span> 
     </span>
    </p>

    <p class='ocr_par' dir='ltr' id='par_1_5' title="bbox 143 1028 1243 1218">
     <span class='ocr_line' id='line_1_6' title="bbox 143 1028 816 1117; baseline -0.006 -23"><span class='ocrx_word' id='word_1_24' title='bbox 143 1030 234 1105; x_wconf 86' lang='lat' dir='ltr'>Idem</span> <span class='ocrx_word' id='word_1_25' title='bbox 255 1029 362 1117; x_wconf 84' lang='lat' dir='ltr'>pergit</span> <span class='ocrx_word' id='word_1_26' title='bbox 383 1028 446 1094; x_wconf 88' lang='lat' dir='ltr'>ita:</span> <span class='ocrx_word' id='word_1_27' title='bbox 813 1062 816 1067; x_wconf 58' lang='lat'>&lt;</span> 
     </span>
     <span class='ocr_line' id='line_1_7' title="bbox 232 1120 1243 1218; baseline -0.005 -18"><span class='ocrx_word' id='word_1_28' title='bbox 232 1132 408 1218; x_wconf 85' lang='lat' dir='ltr'>„Sanctum</span> <span class='ocrx_word' id='word_1_29' title='bbox 436 1130 669 1218; x_wconf 86' lang='lat' dir='ltr'><strong>Hieronymum</strong></span> <span class='ocrx_word' id='word_1_30' title='bbox 683 1133 743 1215; x_wconf 72' lang='grc'>486)</span> <span class='ocrx_word' id='word_1_31' title='bbox 774 1120 975 1218; x_wconf 82' lang='lat' dir='ltr'>Illyricamm</span> <span class='ocrx_word' id='word_1_32' title='bbox 997 1128 1177 1196; x_wconf 89' lang='lat' dir='ltr'>litterarum</span> <span class='ocrx_word' id='word_1_33' title='bbox 1198 1131 1243 1195; x_wconf 91' lang='lat' dir='ltr'>in-</span> 
     </span>
    </p>

    <p class='ocr_par' dir='ltr' id='par_1_6' title="bbox 142 1228 1243 1323">
     <span class='ocr_line' id='line_1_8' title="bbox 142 1228 1243 1323; baseline -0.005 -21"><span class='ocrx_word' id='word_1_34' title='bbox 142 1232 306 1304; x_wconf 83' lang='lat' dir='ltr'>ventorem</span> <span class='ocrx_word' id='word_1_35' title='bbox 334 1235 433 1300; x_wconf 83' lang='lat' dir='ltr'>fuisse</span> <span class='ocrx_word' id='word_1_36' title='bbox 460 1244 569 1319; x_wconf 88' lang='lat' dir='ltr'>aperte</span> <span class='ocrx_word' id='word_1_37' title='bbox 596 1232 691 1300; x_wconf 91' lang='lat' dir='ltr'>docet</span> <span class='ocrx_word' id='word_1_38' title='bbox 718 1234 906 1321; x_wconf 80' lang='lat' dir='ltr'>Inscriptio:</span> <span class='ocrx_word' id='word_1_39' title='bbox 937 1231 1032 1323; x_wconf 87' lang='lat' dir='ltr'>idque</span> <span class='ocrx_word' id='word_1_40' title='bbox 1061 1228 1148 1299; x_wconf 87' lang='lat' dir='ltr'>fama</span> <span class='ocrx_word' id='word_1_41' title='bbox 1176 1233 1243 1320; x_wconf 84' lang='lat' dir='ltr'>ipsa</span> 
     </span>
    </p>

    <p class='ocr_par' dir='ltr' id='par_1_7' title="bbox 142 1324 532 1425">
     <span class='ocr_line' id='line_1_9' title="bbox 142 1324 532 1425; baseline -0.01 -21"><span class='ocrx_word' id='word_1_42' title='bbox 142 1341 233 1406; x_wconf 92' lang='lat' dir='ltr'>nobis</span> <span class='ocrx_word' id='word_1_43' title='bbox 255 1337 447 1425; x_wconf 86' lang='lat' dir='ltr'>persuadet“</span> <span class='ocrx_word' id='word_1_44' title='bbox 472 1324 532 1401; x_wconf 64' lang='lat' dir='ltr'>etcss</span> 
     </span>
    </p>
   </div>
   <div class='ocr_carea' id='block_1_4' title="bbox 54 1492 1242 3648">
    <p class='ocr_par' dir='ltr' id='par_1_8' title="bbox 54 1492 1242 2199">
     <span class='ocr_line' id='line_1_10' title="bbox 229 1492 1242 1580; baseline 0.001 -21"><span class='ocrx_word' id='word_1_45' title='bbox 229 1495 289 1559; x_wconf 90' lang='lat' dir='ltr'>VI.</span> <span class='ocrx_word' id='word_1_46' title='bbox 336 1493 459 1562; x_wconf 89' lang='lat' dir='ltr'>Summi</span> <span class='ocrx_word' id='word_1_47' title='bbox 488 1494 587 1580; x_wconf 86' lang='lat' dir='ltr'>igitur</span> <span class='ocrx_word' id='word_1_48' title='bbox 614 1495 783 1579; x_wconf 88' lang='lat' dir='ltr'>pontifices</span> <span class='ocrx_word' id='word_1_49' title='bbox 810 1493 1009 1580; x_wconf 82' lang='lat' dir='ltr'>Hieronymo</span> <span class='ocrx_word' id='word_1_50' title='bbox 1033 1492 1242 1561; x_wconf 76' lang='lat' dir='ltr'>Sclavonica·</span> 
     </span>
     <span class='ocr_line' id='line_1_11' title="bbox 140 1597 1241 1664; baseline -0.003 0"><span class='ocrx_word' id='word_1_51' title='bbox 140 1623 211 1664; x_wconf 90' lang='lat' dir='ltr'>rum</span> <span class='ocrx_word' id='word_1_52' title='bbox 239 1599 418 1663; x_wconf 85' lang='lat' dir='ltr'>litterarum</span> <span class='ocrx_word' id='word_1_53' title='bbox 446 1597 606 1663; x_wconf 73' lang='lat' dir='ltr'>inventori</span> <span class='ocrx_word' id='word_1_54' title='bbox 634 1607 773 1664; x_wconf 87' lang='lat' dir='ltr'>statuam</span> <span class='ocrx_word' id='word_1_55' title='bbox 801 1598 1007 1663; x_wconf 89' lang='lat' dir='ltr'>celeberrimo</span> <span class='ocrx_word' id='word_1_56' title='bbox 1029 1599 1062 1661; x_wconf 92' lang='lat' dir='ltr'>in</span> <span class='ocrx_word' id='word_1_57' title='bbox 1083 1599 1156 1663; x_wconf 93' lang='lat' dir='ltr'>loco</span> <span class='ocrx_word' id='word_1_58' title='bbox 1180 1598 1241 1662; x_wconf 92' lang='lat' dir='ltr'>col-</span> 
     </span>
     <span class='ocr_line' id='line_1_12' title="bbox 140 1700 1242 1784; baseline -0.002 -18"><span class='ocrx_word' id='word_1_59' title='bbox 140 1703 301 1780; x_wconf 83' lang='lat' dir='ltr'>locarunt3</span> <span class='ocrx_word' id='word_1_60' title='bbox 330 1701 445 1765; x_wconf 90' lang='lat' dir='ltr'>maiori</span> <span class='ocrx_word' id='word_1_61' title='bbox 469 1708 576 1765; x_wconf 87' lang='lat' dir='ltr'>tamen</span> <span class='ocrx_word' id='word_1_62' title='bbox 598 1723 636 1765; x_wconf 87' lang='lat' dir='ltr'>ac</span> <span class='ocrx_word' id='word_1_63' title='bbox 658 1701 769 1766; x_wconf 90' lang='lat' dir='ltr'>divino</span> <span class='ocrx_word' id='word_1_64' title='bbox 794 1701 884 1784; x_wconf 89' lang='lat' dir='ltr'>quasi</span> <span class='ocrx_word' id='word_1_65' title='bbox 907 1700 1026 1766; x_wconf 90' lang='lat' dir='ltr'>honore</span> <span class='ocrx_word' id='word_1_66' title='bbox 1049 1724 1121 1766; x_wconf 90' lang='lat' dir='ltr'>eum</span> <span class='ocrx_word' id='word_1_67' title='bbox 1146 1702 1242 1767; x_wconf 83' lang='lat' dir='ltr'>uoluit</span> 
     </span>
     <span class='ocr_line' id='line_1_13' title="bbox 140 1803 1238 1891; baseline -0.001 -22"><span class='ocrx_word' id='word_1_68' title='bbox 140 1803 276 1870; x_wconf 83' lang='lat' dir='ltr'>Carolus</span> <span class='ocrx_word' id='word_1_69' title='bbox 290 1803 351 1868; x_wconf 91' lang='lat' dir='ltr'>IV.</span> <span class='ocrx_word' id='word_1_70' title='bbox 366 1805 556 1889; x_wconf 78' lang='lat' dir='ltr'>Imperator‚</span> <span class='ocrx_word' id='word_1_71' title='bbox 568 1805 634 1888; x_wconf 84' lang='lat' dir='ltr'>·qui</span> <span class='ocrx_word' id='word_1_72' title='bbox 647 1804 774 1891; x_wconf 86' lang='lat' dir='ltr'>Pragae</span> <span class='ocrx_word' id='word_1_73' title='bbox 795 1805 829 1868; x_wconf 90' lang='lat' dir='ltr'>in</span> <span class='ocrx_word' id='word_1_74' title='bbox 852 1803 1004 1869; x_wconf 87' lang='lat' dir='ltr'>suburbio</span> <span class='ocrx_word' id='word_1_75' title='bbox 1019 1803 1073 1868; x_wconf 94' lang='lat' dir='ltr'>die</span> <span class='ocrx_word' id='word_1_76' title='bbox 1087 1805 1141 1872; x_wconf 81' lang='lat'>21.</span> <span class='ocrx_word' id='word_1_77' title='bbox 1154 1803 1187 1869; x_wconf 91' lang='lat' dir='ltr'>N</span> <span class='ocrx_word' id='word_1_78' title='bbox 1190 1828 1238 1870; x_wconf 92' lang='lat' dir='ltr'>ov.</span> 
     </span>
     <span class='ocr_line' id='line_1_14' title="bbox 140 1906 1241 1975; baseline 0.001 -3"><span class='ocrx_word' id='word_1_79' title='bbox 140 1908 213 1972; x_wconf 89' lang='lat' dir='ltr'>anni</span> <span class='ocrx_word' id='word_1_80' title='bbox 239 1909 333 1975; x_wconf 71' lang='lat'><strong>1347.</strong></span> <span class='ocrx_word' id='word_1_81' title='bbox 364 1906 552 1973; x_wconf 87' lang='lat' dir='ltr'>coenobium</span> <span class='ocrx_word' id='word_1_82' title='bbox 573 1907 606 1971; x_wconf 92' lang='lat' dir='ltr'>in</span> <span class='ocrx_word' id='word_1_83' title='bbox 629 1907 814 1972; x_wconf 84' lang='lat' dir='ltr'>memoriam</span> <span class='ocrx_word' id='word_1_84' title='bbox 839 1908 1040 1973; x_wconf 85' lang='lat' dir='ltr'>inventarum</span> <span class='ocrx_word' id='word_1_85' title='bbox 1063 1907 1241 1973; x_wconf 89' lang='lat' dir='ltr'>ab·Hiem·</span> 
     </span>
     <span class='ocr_line' id='line_1_15' title="bbox 139 2009 1240 2098; baseline 0.001 -23"><span class='ocrx_word' id='word_1_86' title='bbox 139 2035 244 2098; x_wconf 90' lang='lat' dir='ltr'>nymo.</span> <span class='ocrx_word' id='word_1_87' title='bbox 259 2011 521 2078; x_wconf 89' lang='lat' dir='ltr'>Sclavonicarum</span> <span class='ocrx_word' id='word_1_88' title='bbox 543 2011 720 2075; x_wconf 83' lang='lat' dir='ltr'>litteramm</span> <span class='ocrx_word' id='word_1_89' title='bbox 744 2009 971 2075; x_wconf 83' lang='lat' dir='ltr'>exstruendum</span> <span class='ocrx_word' id='word_1_90' title='bbox 994 2010 1128 2076; x_wconf 87' lang='lat' dir='ltr'>curavit.</span> <span class='ocrx_word' id='word_1_91' title='bbox 1163 2011 1240 2076; x_wconf 76' lang='lat' dir='ltr'>Tale</span> 
     </span>
     <span class='ocr_line' id='line_1_16' title="bbox 54 2112 1099 2199; baseline -0.002 -19"><span class='ocrx_word' id='word_1_92' title='bbox 54 2190 58 2197; x_wconf 11' lang='grc' dir='ltr'>ἱ</span> <span class='ocrx_word' id='word_1_93' title='bbox 138 2125 244 2180; x_wconf 88' lang='lat' dir='ltr'>autem</span> <span class='ocrx_word' id='word_1_94' title='bbox 268 2114 391 2179; x_wconf 72' lang='lat' dir='ltr'>‹le-hac</span> <span class='ocrx_word' id='word_1_95' title='bbox 412 2135 447 2178; x_wconf 92' lang='lat' dir='ltr'>re</span> <span class='ocrx_word' id='word_1_96' title='bbox 470 2113 611 2198; x_wconf 85' lang='lat' dir='ltr'>diploma</span> <span class='ocrx_word' id='word_1_97' title='bbox 632 2112 770 2179; x_wconf 80' lang='lat' dir='ltr'>edidisse</span> <span class='ocrx_word' id='word_1_98' title='bbox 791 2136 864 2178; x_wconf 86' lang='lat' dir='ltr'>sum</span> <span class='ocrx_word' id='word_1_99' title='bbox 885 2112 1099 2199; x_wconf 76' lang='lat' dir='ltr'>legimus⁴⁸¹).</span> 
     </span>
    </p>

    <p class='ocr_par' dir='ltr' id='par_1_9' title="bbox 126 2214 1240 3648">
     <span class='ocr_line' id='line_1_17' title="bbox 227 2214 1237 2303; baseline 0.002 -21"><span class='ocrx_word' id='word_1_100' title='bbox 227 2219 404 2302; x_wconf 81' lang='lat' dir='ltr'>„Karolus,</span> <span class='ocrx_word' id='word_1_101' title='bbox 440 2217 503 2282; x_wconf 89' lang='lat' dir='ltr'>Dei</span> <span class='ocrx_word' id='word_1_102' title='bbox 537 2217 644 2303; x_wconf 77' lang='lat' dir='ltr'>gratia</span> <span class='ocrx_word' id='word_1_103' title='bbox 669 2215 887 2282; x_wconf 82' lang='lat' dir='ltr'>Romanorum</span> <span class='ocrx_word' id='word_1_104' title='bbox 915 2214 987 2280; x_wconf 83' lang='lat' dir='ltr'>Rex</span> <span class='ocrx_word' id='word_1_105' title='bbox 1015 2238 1141 2302; x_wconf 87' lang='lat' dir='ltr'>semper</span> <span class='ocrx_word' id='word_1_106' title='bbox 1170 2220 1237 2284; x_wconf 85' lang='lat' dir='ltr'>Au-</span> 
     </span>
     <span class='ocr_line' id='line_1_18' title="bbox 137 2317 1158 2411; baseline -0.003 -24"><span class='ocrx_word' id='word_1_107' title='bbox 137 2329 250 2411; x_wconf 85' lang='lat' dir='ltr'>gustus</span> <span class='ocrx_word' id='word_1_108' title='bbox 274 2329 306 2386; x_wconf 88' lang='lat' dir='ltr'>et</span> <span class='ocrx_word' id='word_1_109' title='bbox 326 2320 460 2384; x_wconf 88' lang='lat' dir='ltr'>Boemie</span> <span class='ocrx_word' id='word_1_110' title='bbox 481 2317 562 2384; x_wconf 88' lang='lat' dir='ltr'>Rex.</span> <span class='ocrx_word' id='word_1_111' title='bbox 597 2319 665 2386; x_wconf 16' lang='lat' dir='ltr'>*Ad</span> <span class='ocrx_word' id='word_1_112' title='bbox 691 2330 878 2407; x_wconf 90' lang='lat' dir='ltr'>perpetuam</span> <span class='ocrx_word' id='word_1_113' title='bbox 901 2319 949 2384; x_wconf 88' lang='lat' dir='ltr'>rei</span> <span class='ocrx_word' id='word_1_114' title='bbox 969 2320 1158 2385; x_wconf 84' lang='lat' dir='ltr'>memoriam</span> 
     </span>
     <span class='ocr_line' id='line_1_19' title="bbox 137 2421 1238 2510; baseline -0.002 -20"><span class='ocrx_word' id='word_1_115' title='bbox 137 2425 269 2493; x_wconf 90' lang='lat' dir='ltr'>Dudum</span> <span class='ocrx_word' id='word_1_116' title='bbox 296 2421 453 2509; x_wconf 88' lang='lat' dir='ltr'>siquidem</span> <span class='ocrx_word' id='word_1_117' title='bbox 470 2423 694 2489; x_wconf 87' lang='lat' dir='ltr'>sanctissimus</span> <span class='ocrx_word' id='word_1_118' title='bbox 722 2433 816 2510; x_wconf 86' lang='lat' dir='ltr'>pater-</span> <span class='ocrx_word' id='word_1_119' title='bbox 843 2422 989 2488; x_wconf 89' lang='lat' dir='ltr'>dominns</span> <span class='ocrx_word' id='word_1_120' title='bbox 1016 2432 1125 2489; x_wconf 89' lang='lat' dir='ltr'>noster</span> <span class='ocrx_word' id='word_1_121' title='bbox 1154 2447 1238 2510; x_wconf 87' lang='lat' dir='ltr'>papa</span> 
     </span>
     <span class='ocr_line' id='line_1_20' title="bbox 137 2524 1240 2614; baseline -0.002 -20"><span class='ocrx_word' id='word_1_122' title='bbox 137 2527 285 2594; x_wconf 84' lang='lat' dir='ltr'>Clemens</span> <span class='ocrx_word' id='word_1_123' title='bbox 322 2524 381 2590; x_wconf 88' lang='lat' dir='ltr'>VI.</span> <span class='ocrx_word' id='word_1_124' title='bbox 405 2526 595 2591; x_wconf 86' lang='lat' dir='ltr'>.venerabili</span> <span class='ocrx_word' id='word_1_125' title='bbox 629 2528 770 2592; x_wconf 84' lang='lat' dir='ltr'>Arnesto</span> <span class='ocrx_word' id='word_1_126' title='bbox 807 2524 1049 2612; x_wconf 81' lang='lat' dir='ltr'>archiepiscopo</span> <span class='ocrx_word' id='word_1_127' title='bbox 1082 2526 1240 2614; x_wconf 79' lang='lat' dir='ltr'>Pragensi</span> 
     </span>
     <span class='ocr_line' id='line_1_21' title="bbox 126 2629 1236 2718; baseline 0 -22"><span class='ocrx_word' id='word_1_128' title='bbox 126 2632 274 2718; x_wconf 86' lang='lat' dir='ltr'>principi</span> <span class='ocrx_word' id='word_1_129' title='bbox 301 2637 334 2693; x_wconf 90' lang='lat' dir='ltr'>et</span> <span class='ocrx_word' id='word_1_130' title='bbox 362 2629 543 2699; x_wconf 82' lang='lat' dir='ltr'>consiliario</span> <span class='ocrx_word' id='word_1_131' title='bbox 571 2639 681 2695; x_wconf 88' lang='lat' dir='ltr'>nestro</span> <span class='ocrx_word' id='word_1_132' title='bbox 710 2629 896 2711; x_wconf 85' lang='lat' dir='ltr'>karissimo,</span> <span class='ocrx_word' id='word_1_133' title='bbox 928 2630 971 2695; x_wconf 86' lang='lat' dir='ltr'>ad</span> <span class='ocrx_word' id='word_1_134' title='bbox 993 2629 1095 2694; x_wconf 81' lang='lat' dir='ltr'>nostri</span> <span class='ocrx_word' id='word_1_135' title='bbox 1115 2630 1236 2696; x_wconf 88' lang='lat' dir='ltr'>instan-</span> 
     </span>
     <span class='ocr_line' id='line_1_22' title="bbox 134 2732 1237 2818; baseline 0.001 -20"><span class='ocrx_word' id='word_1_136' title='bbox 134 2736 214 2799; x_wconf 86' lang='lat' dir='ltr'>tiam</span> <span class='ocrx_word' id='word_1_137' title='bbox 236 2742 268 2796; x_wconf 91' lang='lat' dir='ltr'>et</span> <span class='ocrx_word' id='word_1_138' title='bbox 289 2741 476 2816; x_wconf 84' lang='lat' dir='ltr'>requestam</span> <span class='ocrx_word' id='word_1_139' title='bbox 494 2733 691 2797; x_wconf 89' lang='lat' dir='ltr'>committere</span> <span class='ocrx_word' id='word_1_140' title='bbox 713 2732 831 2814; x_wconf 79' lang='lat' dir='ltr'>voluit,</span> <span class='ocrx_word' id='word_1_141' title='bbox 854 2740 891 2796; x_wconf 92' lang='lat' dir='ltr'>ut</span> <span class='ocrx_word' id='word_1_142' title='bbox 912 2733 982 2818; x_wconf 89' lang='lat' dir='ltr'>ipse</span> <span class='ocrx_word' id='word_1_143' title='bbox 1004 2733 1037 2797; x_wconf 91' lang='lat' dir='ltr'>in</span> <span class='ocrx_word' id='word_1_144' title='bbox 1059 2742 1172 2800; x_wconf 87' lang='lat' dir='ltr'>nostra</span> <span class='ocrx_word' id='word_1_145' title='bbox 1194 2736 1237 2799; x_wconf 87' lang='lat' dir='ltr'>ci·</span> 
     </span>
     <span class='ocr_line' id='line_1_23' title="bbox 136 2835 1236 2922; baseline 0.003 -22"><span class='ocrx_word' id='word_1_146' title='bbox 136 2840 235 2901; x_wconf 85' lang='lat' dir='ltr'>vitate</span> <span class='ocrx_word' id='word_1_147' title='bbox 257 2836 414 2922; x_wconf 79' lang='lat' dir='ltr'>Pragensi</span> <span class='ocrx_word' id='word_1_148' title='bbox 440 2835 667 2900; x_wconf 87' lang='lat' dir='ltr'>monasterium</span> <span class='ocrx_word' id='word_1_149' title='bbox 700 2835 910 2900; x_wconf 88' lang='lat' dir='ltr'>conventuale</span> <span class='ocrx_word' id='word_1_150' title='bbox 938 2844 970 2901; x_wconf 89' lang='lat' dir='ltr'>et</span> <span class='ocrx_word' id='word_1_151' title='bbox 996 2836 1168 2907; x_wconf 80' lang='lat' dir='ltr'>claustrale</span> <span class='ocrx_word' id='word_1_152' title='bbox 1189 2861 1236 2903; x_wconf 87' lang='lat' dir='ltr'>or·</span> 
     </span>
     <span class='ocr_line' id='line_1_24' title="bbox 136 2937 1236 3025; baseline 0 -20"><span class='ocrx_word' id='word_1_153' title='bbox 136 2941 218 3005; x_wconf 91' lang='lat' dir='ltr'>dinis</span> <span class='ocrx_word' id='word_1_154' title='bbox 235 2939 268 3006; x_wconf 85' lang='lat' dir='ltr'>S.</span> <span class='ocrx_word' id='word_1_155' title='bbox 285 2939 454 3006; x_wconf 83' lang='lat' dir='ltr'>Benedicti</span> <span class='ocrx_word' id='word_1_156' title='bbox 476 2938 642 3002; x_wconf 89' lang='lat' dir='ltr'>instituere</span> <span class='ocrx_word' id='word_1_157' title='bbox 665 2945 697 3003; x_wconf 90' lang='lat' dir='ltr'>et</span> <span class='ocrx_word' id='word_1_158' title='bbox 720 2938 911 3004; x_wconf 87' lang='lat' dir='ltr'>auctoritate</span> <span class='ocrx_word' id='word_1_159' title='bbox 932 2947 1042 3024; x_wconf 89' lang='lat' dir='ltr'>posset</span> <span class='ocrx_word' id='word_1_160' title='bbox 1060 2937 1236 3025; x_wconf 82' lang='lat' dir='ltr'>apostolica</span> 
     </span>
     <span class='ocr_line' id='line_1_25' title="bbox 135 3039 1235 3126; baseline 0.001 -18"><span class='ocrx_word' id='word_1_161' title='bbox 135 3045 298 3126; x_wconf 82' lang='lat' dir='ltr'>ordinare,</span> <span class='ocrx_word' id='word_1_162' title='bbox 321 3041 476 3108; x_wconf 89' lang='lat' dir='ltr'>institutis</span> <span class='ocrx_word' id='word_1_163' title='bbox 496 3039 617 3104; x_wconf 88' lang='lat' dir='ltr'>ibidem</span> <span class='ocrx_word' id='word_1_164' title='bbox 641 3039 757 3107; x_wconf 86' lang='lat' dir='ltr'>abbate</span> <span class='ocrx_word' id='word_1_165' title='bbox 779 3050 812 3106; x_wconf 85' lang='lat' dir='ltr'>et</span> <span class='ocrx_word' id='word_1_166' title='bbox 832 3042 994 3125; x_wconf 86' lang='lat' dir='ltr'>fratribus,</span> <span class='ocrx_word' id='word_1_167' title='bbox 1016 3045 1073 3126; x_wconf 88' lang='lat' dir='ltr'>qui</span> <span class='ocrx_word' id='word_1_168' title='bbox 1093 3043 1235 3109; x_wconf 91' lang='lat' dir='ltr'>Domino</span> 
     </span>
     <span class='ocr_line' id='line_1_26' title="bbox 133 3138 1234 3231; baseline 0 -18"><span class='ocrx_word' id='word_1_169' title='bbox 133 3149 323 3221; x_wconf 80' lang='lat' dir='ltr'>famulantes</span> <span class='ocrx_word' id='word_1_170' title='bbox 345 3145 454 3210; x_wconf 87' lang='lat' dir='ltr'>divina</span> <span class='ocrx_word' id='word_1_171' title='bbox 475 3138 582 3206; x_wconf 78' lang='lat' dir='ltr'>officia</span> <span class='ocrx_word' id='word_1_172' title='bbox 598 3144 632 3207; x_wconf 92' lang='lat' dir='ltr'>in</span> <span class='ocrx_word' id='word_1_173' title='bbox 648 3143 757 3231; x_wconf 79' lang='lat' dir='ltr'>lingua</span> <span class='ocrx_word' id='word_1_174' title='bbox 773 3144 944 3212; x_wconf 86' lang='lat' dir='ltr'>Slavonica</span> <span class='ocrx_word' id='word_1_175' title='bbox 967 3144 1234 3213; x_wconf 49' lang='lat' dir='ltr'>duntaxat&#39;ob</span> 
     </span>
     <span class='ocr_line' id='line_1_27' title="bbox 134 3247 1235 3335; baseline 0.001 -19"><span class='ocrx_word' id='word_1_176' title='bbox 134 3249 406 3316; x_wconf 85' lang='lat' dir='ltr'>reverentiam</span> <span class='ocrx_word' id='word_1_177' title='bbox 435 3254 474 3310; x_wconf 87' lang='lat' dir='ltr'>et</span> <span class='ocrx_word' id='word_1_178' title='bbox 500 3247 729 3312; x_wconf 85' lang='lat' dir='ltr'>memoriam</span> <span class='ocrx_word' id='word_1_179' title='bbox 758 3249 1048 3335; x_wconf 82' lang='lat' dir='ltr'>gloriosissimi</span> <span class='ocrx_word' id='word_1_180' title='bbox 1076 3251 1235 3317; x_wconf 79' lang='lat' dir='ltr'>confes·</span> 
     </span>
     <span class='ocr_line' id='line_1_28' title="bbox 135 3349 1233 3437; baseline -0.001 -19"><span class='ocrx_word' id='word_1_181' title='bbox 135 3353 238 3418; x_wconf 90' lang='lat' dir='ltr'>soris</span> <span class='ocrx_word' id='word_1_182' title='bbox 273 3351 393 3415; x_wconf 88' lang='lat' dir='ltr'>Beati</span> <span class='ocrx_word' id='word_1_183' title='bbox 433 3349 638 3435; x_wconf 82' lang='lat' dir='ltr'>Ieronymi</span> <span class='ocrx_word' id='word_1_184' title='bbox 678 3350 1003 3437; x_wconf 84' lang='lat' dir='ltr'>Strydoniensis‚</span> <span class='ocrx_word' id='word_1_185' title='bbox 1053 3351 1233 3418; x_wconf 87' lang='lat' dir='ltr'>doctoris</span> 
     </span>
     <span class='ocr_line' id='line_1_29' title="bbox 134 3452 1233 3542; baseline 0 -22"><span class='ocrx_word' id='word_1_186' title='bbox 134 3453 290 3542; x_wconf 83' lang='lat' dir='ltr'>egregii</span> <span class='ocrx_word' id='word_1_187' title='bbox 313 3461 350 3517; x_wconf 91' lang='lat' dir='ltr'>et</span> <span class='ocrx_word' id='word_1_188' title='bbox 371 3452 651 3536; x_wconf 87' lang='lat' dir='ltr'>translatoris,</span> <span class='ocrx_word' id='word_1_189' title='bbox 675 3455 988 3539; x_wconf 83' lang='lat' dir='ltr'>interpretisque</span> <span class='ocrx_word' id='word_1_190' title='bbox 1011 3456 1149 3521; x_wconf 85' lang='lat' dir='ltr'>eximii</span> <span class='ocrx_word' id='word_1_191' title='bbox 1173 3472 1233 3522; x_wconf 77' lang='lat' dir='ltr'>sa-</span> 
     </span>
     <span class='ocr_line' id='line_1_30' title="bbox 134 3554 1233 3648; baseline 0.003 -27"><span class='ocrx_word' id='word_1_192' title='bbox 134 3579 199 3621; x_wconf 90' lang='lat' dir='ltr'>cre</span> <span class='ocrx_word' id='word_1_193' title='bbox 224 3555 437 3648; x_wconf 76' lang='lat' dir='ltr'>Scriptura</span> <span class='ocrx_word' id='word_1_194' title='bbox 467 3554 512 3620; x_wconf 92' lang='lat' dir='ltr'>de</span> <span class='ocrx_word' id='word_1_195' title='bbox 542 3555 720 3621; x_wconf 85' lang='lat' dir='ltr'>Ebraica</span> <span class='ocrx_word' id='word_1_196' title='bbox 748 3557 787 3621; x_wconf 92' lang='lat' dir='ltr'>in</span> <span class='ocrx_word' id='word_1_197' title='bbox 811 3556 999 3621; x_wconf 88' lang='lat' dir='ltr'>Latinam</span> <span class='ocrx_word' id='word_1_198' title='bbox 1028 3565 1067 3622; x_wconf 87' lang='lat' dir='ltr'>et</span> <span class='ocrx_word' id='word_1_199' title='bbox 1090 3556 1233 3625; x_wconf 86' lang='lat' dir='ltr'>Slavo-</span> 
     </span>
    </p>
   </div>
   <div class='ocr_carea' id='block_1_5' title="bbox 130 3755 1259 4261">
    <p class='ocr_par' dir='ltr' id='par_1_10' title="bbox 132 3755 1232 3916">
     <span class='ocr_line' id='line_1_31' title="bbox 203 3755 1232 3830; baseline 0.009 -16"><span class='ocrx_word' id='word_1_200' title='bbox 203 3764 271 3827; x_wconf 77' lang='lat'>485)</span> <span class='ocrx_word' id='word_1_201' title='bbox 289 3769 360 3817; x_wconf 89' lang='lat' dir='ltr'>Idem</span> <span class='ocrx_word' id='word_1_202' title='bbox 382 3770 457 3819; x_wconf 87' lang='lat' dir='ltr'>docet</span> <span class='ocrx_word' id='word_1_203' title='bbox 478 3767 603 3827; x_wconf 86' lang='lat' dir='ltr'>Niebuhr,</span> <span class='ocrx_word' id='word_1_204' title='bbox 626 3767 750 3830; x_wconf 78' lang='lat' dir='ltr'>Vortriige</span> <span class='ocrx_word' id='word_1_205' title='bbox 773 3755 902 3818; x_wconf 82' lang='lat' dir='ltr'>iiber-alte</span> <span class='ocrx_word' id='word_1_206' title='bbox 920 3769 1037 3817; x_wconf 77' lang='lat' dir='ltr'>L&#39;ander·</span> <span class='ocrx_word' id='word_1_207' title='bbox 1055 3772 1108 3821; x_wconf 86' lang='lat' dir='ltr'>und</span> <span class='ocrx_word' id='word_1_208' title='bbox 1125 3772 1232 3823; x_wconf 73' lang='lat' dir='ltr'>volker-</span> 
     </span>
     <span class='ocr_line' id='line_1_32' title="bbox 132 3852 908 3916; baseline 0 -15"><span class='ocrx_word' id='word_1_209' title='bbox 132 3854 216 3902; x_wconf 91' lang='lat' dir='ltr'>kunde</span> <span class='ocrx_word' id='word_1_210' title='bbox 235 3859 281 3902; x_wconf 87' lang='lat' dir='ltr'>etc.</span> <span class='ocrx_word' id='word_1_211' title='bbox 299 3868 357 3916; x_wconf 86' lang='lat' dir='ltr'>pag.</span> <span class='ocrx_word' id='word_1_212' title='bbox 371 3852 430 3903; x_wconf 80' lang='lat'>307.</span> <span class='ocrx_word' id='word_1_213' title='bbox 443 3855 497 3902; x_wconf 87' lang='lat' dir='ltr'>init.</span> <span class='ocrx_word' id='word_1_214' title='bbox 906 3878 908 3882; x_wconf 95' lang='lat'>·</span> 
     </span>
    </p>

    <p class='ocr_par' dir='ltr' id='par_1_11' title="bbox 203 3934 496 4002">
     <span class='ocr_line' id='line_1_33' title="bbox 203 3934 496 4002; baseline -0.003 -17"><span class='ocrx_word' id='word_1_215' title='bbox 203 3934 270 3997; x_wconf 76' lang='lat'>486)</span> <span class='ocrx_word' id='word_1_216' title='bbox 289 3937 305 3986; x_wconf 88' lang='lat' dir='ltr'>l.</span> <span class='ocrx_word' id='word_1_217' title='bbox 325 3955 346 3988; x_wconf 85' lang='lat' dir='ltr'>c.</span> <span class='ocrx_word' id='word_1_218' title='bbox 365 3954 423 4002; x_wconf 87' lang='lat' dir='ltr'>pag.</span> <span class='ocrx_word' id='word_1_219' title='bbox 436 3937 496 3986; x_wconf 66' lang='lat'>246.</span> 
     </span>
    </p>

    <p class='ocr_par' dir='ltr' id='par_1_12' title="bbox 130 4020 1259 4261">
     <span class='ocr_line' id='line_1_34' title="bbox 201 4020 1259 4097; baseline 0.006 -25"><span class='ocrx_word' id='word_1_220' title='bbox 201 4020 269 4084; x_wconf 83' lang='grc'>487)</span> <span class='ocrx_word' id='word_1_221' title='bbox 288 4024 369 4072; x_wconf 83' lang='lat' dir='ltr'>Franz</span> <span class='ocrx_word' id='word_1_222' title='bbox 390 4022 484 4070; x_wconf 83' lang='lat' dir='ltr'>Martin</span> <span class='ocrx_word' id='word_1_223' title='bbox 507 4020 592 4070; x_wconf 83' lang='lat' dir='ltr'>Pelzel</span> <span class='ocrx_word' id='word_1_224' title='bbox 615 4023 723 4080; x_wconf 81' lang='lat' dir='ltr'>„Kaisar</span> <span class='ocrx_word' id='word_1_225' title='bbox 745 4023 808 4073; x_wconf 86' lang='lat' dir='ltr'>Karl</span> <span class='ocrx_word' id='word_1_226' title='bbox 831 4024 876 4073; x_wconf 90' lang='lat' dir='ltr'>der</span> <span class='ocrx_word' id='word_1_227' title='bbox 893 4023 992 4089; x_wconf 73' lang='lat' dir='ltr'>Visite,</span> <span class='ocrx_word' id='word_1_228' title='bbox 1014 4025 1101 4090; x_wconf 79' lang='lat' dir='ltr'>Kbnig</span> <span class='ocrx_word' id='word_1_229' title='bbox 1118 4029 1146 4077; x_wconf 92' lang='lat' dir='ltr'>in</span> <span class='ocrx_word' id='word_1_230' title='bbox 1160 4029 1231 4097; x_wconf 69' lang='lat' dir='ltr'>libb·</span> <span class='ocrx_word' id='word_1_231' title='bbox 1257 4066 1259 4070; x_wconf 30' lang='lat'><strong><em>⁴</em></strong></span> 
     </span>
     <span class='ocr_line' id='line_1_35' title="bbox 130 4090 1229 4175; baseline 0.005 -18"><span class='ocrx_word' id='word_1_232' title='bbox 130 4097 214 4158; x_wconf 66' lang='lat' dir='ltr'>ment</span> <span class='ocrx_word' id='word_1_233' title='bbox 242 4108 338 4163; x_wconf 75' lang='lat' dir='ltr'>arou</span> <span class='ocrx_word' id='word_1_234' title='bbox 368 4102 411 4157; x_wconf 81' lang='lat'>8⁰.</span> <span class='ocrx_word' id='word_1_235' title='bbox 440 4107 515 4171; x_wconf 71' lang='lat' dir='ltr'>prag.</span> <span class='ocrx_word' id='word_1_236' title='bbox 530 4104 720 4158; x_wconf 73' lang='lat' dir='ltr'>uso-risi.</span> <span class='ocrx_word' id='word_1_237' title='bbox 748 4109 866 4159; x_wconf 73' lang='lat' dir='ltr'>narare</span> <span class='ocrx_word' id='word_1_238' title='bbox 885 4116 945 4159; x_wconf 72' lang='lat' dir='ltr'>aa</span> <span class='ocrx_word' id='word_1_239' title='bbox 962 4112 989 4172; x_wconf 85' lang='lat' dir='ltr'>r,</span> <span class='ocrx_word' id='word_1_240' title='bbox 1013 4090 1229 4175; x_wconf 59' lang='lat' dir='ltr'>salmanasar,</span> 
     </span>
     <span class='ocr_line' id='line_1_36' title="bbox 131 4185 1118 4261; baseline 0.005 -19"><span class='ocrx_word' id='word_1_241' title='bbox 131 4210 185 4244; x_wconf 89' lang='lat' dir='ltr'>nro.</span> <span class='ocrx_word' id='word_1_242' title='bbox 204 4191 347 4242; x_wconf 83' lang='lat' dir='ltr'>Lxxxm.</span> <span class='ocrx_word' id='word_1_243' title='bbox 366 4185 488 4254; x_wconf 60' lang='lat' dir='ltr'>(pegni.</span> <span class='ocrx_word' id='word_1_244' title='bbox 501 4188 552 4254; x_wconf 83' lang='lat' dir='ltr'>sq.)</span> <span class='ocrx_word' id='word_1_245' title='bbox 571 4224 605 4232; x_wconf 85' lang='lat'>-</span> <span class='ocrx_word' id='word_1_246' title='bbox 624 4193 668 4251; x_wconf 86' lang='lat' dir='ltr'>cfr.</span> <span class='ocrx_word' id='word_1_247' title='bbox 681 4195 765 4261; x_wconf 25' lang='lat' dir='ltr'>&lt;anam</span> <span class='ocrx_word' id='word_1_248' title='bbox 783 4195 843 4249; x_wconf 82' lang='lat' dir='ltr'>ibid.</span> <span class='ocrx_word' id='word_1_249' title='bbox 862 4203 969 4247; x_wconf 85' lang='lat' dir='ltr'>textus</span> <span class='ocrx_word' id='word_1_250' title='bbox 986 4212 1048 4261; x_wconf 53' lang='lat' dir='ltr'>pag„</span> <span class='ocrx_word' id='word_1_251' title='bbox 1060 4195 1118 4257; x_wconf 76' lang='lat'><strong>186.</strong></span> 
     </span>
    </p>
   </div>
   <div class='ocr_carea' id='block_1_6' title="bbox 0 0 1380 4844">
    <p class='ocr_par' dir='ltr' id='par_1_13' title="bbox 0 0 1380 4844">
     <span class='ocr_line' id='line_1_37' title="bbox 0 0 1380 4844; baseline 0 4"><span class='ocrx_word' id='word_1_252' title='bbox 0 0 1380 4844; x_wconf 95' lang='lat' dir='ltr'> </span> 
     </span>
    </p>
   </div>
  </div>
 </body>
</html>
