2752 4844
603 423 644 490 17

68 601 234 687 Excerpta
256 601 298 666 ab
320 612 479 686 'anonymo
502 598 725 686 designantur,
754 597 808 663 ubi
839 597 946 682 paullo
969 607 1043 684 post
1067 599 1173 684 „bic,

68 705 187 789 inquit,
215 704 318 770 liber
339 703 636 789 Excerptorum
665 701 706 766 ab
729 700 876 787 Sphaera
903 725 943 767 ne
972 707 1172 789 separetur“:

69 810 183 894 quibus
210 832 250 874 ex
272 808 378 873 verbis
399 807 474 872 Iulii
495 805 632 873 Honorii
656 803 944 892 Cosmographiam
968 805 1172 893 „Sphaerae“

67 935 183 978 nomen
203 913 392 999 praetulisse
413 911 627 998 intelligimus.

155 1014 266 1098 Quare
281 1016 517 1101 Excerptorum
542 1022 654 1083 auctor
675 1011 782 1078 verbis
806 1011 907 1095 ,baec
929 1013 1013 1077 ratic
1028 1012 1071 1078 ad
1086 1035 1173 1080 corn·

66 1120 185 1206 pendia
206 1121 270 1185 ista
286 1119 456 1201 deducta“,
482 1118 555 1202 „bic
576 1118 657 1184 liber
680 1119 937 1203 excerptorum“,
962 1118 1174 1204 „compendia

66 1247 148 1308 quae
170 1224 374 1309 infrascripta
395 1221 553 1304 videbis“,
576 1221 712 1304 denique
737 1228 894 1305 „quatuor
912 1242 1104 1287 oceanorum
1123 1246 1173 1287 rn-

64 1327 131 1391 tio“
155 1325 241 1391 idem
263 1325 524 1391 circumscribere
546 1322 683 1389 videtur.
719 1322 795 1388 Hoc
817 1332 923 1389 autem
946 1345 986 1390 aa
1006 1347 1047 1391 ex
1069 1349 1104 1395 rc
1124 1327 1173 1391 fa·

65 1438 154 1494 etum
177 1438 236 1512 est,
258 1438 296 1495 ut
317 1429 380 1494 bac
400 1429 472 1514 ipsa
493 1428 663 1494 verborum
685 1428 854 1493 iteratione
876 1451 914 1493 eo
933 1428 1038 1516 magis
1052 1429 1174 1497 librarii

65 1531 312 1618 deterrerentur,
334 1555 375 1598 ne
398 1556 417 1597 a
433 1530 690 1620 Cosmographia
703 1531 778 1596 Iulii
792 1531 931 1598 Honorii
945 1529 1093 1599 Oratoris
1108 1532 1173 1601 dis·

65 1636 163 1721 cipuli
185 1647 338 1724 excerpta
359 1659 512 1722 umquam
534 1643 728 1723 separarent.
764 1634 905 1703 Causam
924 1645 1031 1702 autem
1045 1658 1104 1702 cur
1117 1659 1172 1704 ex.

64 1749 177 1826 carpta
198 1763 258 1806 sua
279 1765 299 1806 a
321 1741 467 1829 magistri
488 1740 571 1806 libro
593 1741 688 1807 avelli
710 1741 813 1806 noluit
839 1741 910 1826 ipse
932 1741 1088 1826 exposuit.
1135 1741 1172 1810 Si

64 1846 149 1908 enim
171 1845 385 1930 posteriorum
406 1854 586 1929 temporum
608 1845 730 1910 librarii
751 1846 845 1931 lapsu
867 1845 982 1909 calami
1004 1854 1172 1931 excerpto-

63 1970 136 2012 rum
158 1969 305 2013 numeros
327 1948 410 2011 forte
431 1946 678 2012 immutaverant
698 1985 740 1996 -
763 1948 799 2012 id
821 1947 908 2031 quod
929 1947 1022 2011 facile
1044 1957 1172 2031 poterat

63 2048 211 2116 accidere
230 2087 271 2097 -—
294 2059 363 2115 tum
386 2073 426 2116 ex
442 2046 700 2137 Cosmographia
721 2049 931 2116 antecedente
951 2049 1087 2116 lectores
1108 2052 1172 2138 ipsi

62 2153 142 2218 vitia
163 2154 218 2218 illa
240 2154 409 2220 emendare
431 2161 589 2240 poterant.
636 2152 759 2241 Contra
781 2155 808 2220 si
831 2154 865 2218 in
886 2154 958 2240 ipsa
977 2151 1171 2243 Cosmogra·

61 2256 140 2342 phia
161 2258 308 2340 marium,
329 2258 504 2324 insularum
524 2266 585 2323 cet.
608 2258 738 2324 nomina
759 2259 879 2325 omissa
896 2265 997 2341 erant,
1021 2257 1171 2346 discipuli

61 2362 222 2447 excerptis
245 2384 318 2428 cum
340 2361 421 2427 libro
444 2361 518 2426 Iulii
541 2359 691 2428 Oratoris
713 2363 924 2448 comparatis,
953 2385 994 2427 ex
1020 2363 1083 2429 illis
1105 2363 1171 2429 sin-

62 2466 139 2552 gula
160 2466 302 2551 suppleri
323 2473 483 2552 poterant.
528 2464 603 2529 Hoc
625 2466 724 2552 igitur
746 2466 826 2531 dicit
847 2474 959 2532 auctor
981 2489 1170 2554 anonymus,

61 2592 160 2654 quare
189 2570 295 2635 minus
323 2577 412 2635 recte
439 2571 544 2634 locum
574 2568 662 2632 illum
686 2569 915 2634 D'Avezacius
942 2569 1170 2658 interpretatus

60 2681 112 2738 est
131 2673 153 2738 l.
177 2694 205 2737 o.
228 2695 303 2761 pag.
319 2674 395 2742 317.

149 2777 223 2843 Iulii
237 2777 375 2843 Honorii
389 2777 489 2865 igitur
504 2775 761 2864 Cosmographia
781 2778 816 2843 in
837 2802 913 2844 vero
932 2779 1106 2865 exemplari
1122 2779 1170 2844 ita

59 2880 250 2965 incipiebat:
286 2879 457 2964 „Oceanus
484 2880 659 2948 Orientalis
692 2881 773 2948 haec
802 2884 903 2949 maria
934 2883 1047 2949 babet:
1082 2905 1169 2947 mare

60 2981 232 3070 Caspium,
261 3008 350 3050 mare
370 2985 557 3050 Persicum“
589 2987 720 3069 cetr¹¹⁴l
751 2986 799 3050 ita
826 2996 870 3051 ut>
889 2988 1053 3073 prooemio
1082 2987 1169 3051 nullo

59 3090 261 3174 praemunita
284 3096 382 3167 esset3
407 3110 510 3173 neque
531 3088 605 3152 talis
628 3089 734 3172 operis
756 3089 898 3154 conditio
921 3113 940 3153 a
962 3099 1078 3154 natura
1100 3092 1168 3155 eius

60 3189 222 3255 abhorret.
259 3188 351 3254 Nihil
365 3190 449 3254 enim
464 3198 523 3271 est,
546 3190 608 3254 nisi
629 3189 720 3254 exilis
735 3189 891 3274 quaedam
916 3199 1053 3276 quatuor
1075 3213 1168 3257 ocea-

58 3316 173 3358 norum
195 3315 255 3358 nec
277 3315 342 3358 non
364 3293 536 3374 montium,
564 3291 739 3358 insularum
761 3302 822 3359 cet.
851 3294 906 3378 qui
929 3294 970 3360 ad
994 3317 1049 3361 eos
1070 3296 1168 3382 perti·

57 3421 134 3464 nere
155 3396 238 3462 Iulio
262 3395 394 3464 Oratori
415 3396 476 3460 visi
499 3404 573 3461 sunt
593 3394 784 3482 descriptio:
815 3421 914 3483 quare
934 3400 968 3464 in
989 3401 1053 3465 fine
1076 3399 1167 3465 addi·

57 3510 110 3566 tur
126 3498 296 3583 „Quatuor
306 3499 509 3568 Oceanorum
521 3496 728 3566 Continentia
738 3500 914 3588 Explieiffl.
945 3502 1042 3570 Hanc
1058 3512 1165 3571 autem

57 3627 250 3671 oceanorum
272 3603 529 3690 descriptionem,
552 3626 618 3689 qua
637 3605 671 3669 in
693 3605 811 3672 scholis
831 3607 984 3694 magister
1003 3606 1165 3691 utebatur,

58 3709 149 3795 ,ipso
170 3709 298 3773 nolente
319 3729 357 3771 ac
374 3706 625 3795 subterfugiente
643 3710 788 3794 protulit,
810 3710 989 3798 divulgavit
1010 3719 1043 3775 et
1061 3711 1165 3798 publi-

57 3834 115 3878 cae
137 3811 289 3878 scientiae
311 3810 448 3877 obtulit“
473 3810 649 3898 discipulus
672 3812 803 3896 quidam
826 3815 917 3881 cuius
937 3837 1054 3880 nomen
1072 3816 1164 3902 igno-

55 3923 153 3983 ratur.

144 4018 304 4104 Equidem
314 4017 432 4083 Iulium
442 4017 623 4085 Honorium
632 4017 921 4107 Cosmographiam
935 4023 1163 4107 conscripsisse

128 4240 195 4302 114)
214 4192 325 4296 Crcuov.
345 4247 361 4296 l.
381 4263 403 4296 e.
422 4263 479 4311 pag.
494 4247 553 4299 691.
607 4261 609 4266 ·

939 4331 959 4396 2
