2752 4844
660 378 701 445 16

126 552 221 639 phiae
233 554 334 618 maria
349 546 465 636 XXV,
487 553 609 618 insulae
622 553 682 636 LI,
700 563 829 620 montes
839 554 955 620 famosi
968 553 1088 636 XXX,
1102 552 1238 639 provin-

126 658 196 723 ciae
210 656 285 741 LV,
309 656 429 743 oppida
451 653 612 739 CCXIX,
634 657 767 722 flumina
788 659 864 741 LV,
886 667 998 746 gentes
1021 656 1097 723 XO.

287 804 291 811 -
441 758 593 827 Oceanus
615 760 790 829 Orientalis
812 761 910 829 habet

235 863 344 929 Maria
365 858 442 928 VII.
886 863 1020 952 Oppida
1041 865 1137 929 LXI.

235 966 361 1032 Insulas
382 966 460 1032 XL.
886 968 1036 1035 Flumina
1057 967 1172 1033 XVII.

234 1071 366 1136 Montes
387 1070 483 1136 VIII.
889 1071 1012 1139 Gentes
1028 1071 1181 1138 XXVII.

235 1175 423 1242 Provincias
444 1173 524 1240 VH.

422 1276 572 1344 Oceanus
595 1277 816 1347 Occidentalis
838 1281 936 1348 habet

234 1383 343 1448 Maria
363 1382 427 1448 IX.
888 1384 1021 1472 Oppida
1041 1384 1136 1449 LIII.

235 1488 361 1552 Insulas
384 1485 462 1551 VII.
886 1489 1036 1553 Flumina
1056 1489 1138 1553 XII.
1206 1536 1210 1545 ·

236 1591 368 1656 Montes
390 1590 450 1654 VI.
691 1612 692 1617 ¹
889 1590 1012 1658 Gentes
1034 1593 1170 1657 XXIII.

235 1695 425 1760 Provincias
447 1692 528 1757 XX.

399 1798 550 1864 Oceanus
573 1795 840 1882 septentrionalis
863 1799 960 1864 habet

234 1903 341 1967 Maria
364 1901 441 1967 VII.
887 1902 1019 1988 Oppida
1040 1902 1206 1968 XLVIII.

234 2006 361 2072 Insulas
382 2005 516 2070 XXIV.
885 2007 1035 2089 Flumina
1056 2007 1138 2071 XX.

235 2109 368 2175 Montes
389 2109 470 2173 XII.
889 2108 1012 2178 Gentes
1033 2111 1133 2176 XXI.

234 2213 422 2278 Provincias
444 2211 541 2276 XVI.

432 2314 582 2381 Oceanus
603 2316 803 2384 Meridianus
825 2317 923 2385 habet

234 2419 343 2485 Maria
364 2419 409 2483 II.
886 2422 1018 2509 Oppida
1040 2423 1132 2490 LVI.
1255 2411 1259 2423 ’

234 2515 360 2589 Insulas
382 2523 446 2587 IX.
885 2527 1034 2592 Flumina
1055 2527 1115 2592 VI.

234 2629 366 2692 Montes
387 2626 449 2692 IV.
885 2628 1009 2697 Gentes
1030 2632 1129 2696 XIX.

234 2731 423 2795 Provincias
443 2730 525 2796 XII.

212 2834 305 2898 Haec
328 2833 434 2898 omnia
455 2835 488 2898 in
511 2835 724 2923 descriptione
746 2845 835 2902 recta
857 2837 1107 2925 orthographiae
1125 2848 1232 2907 trans-

125 2938 199 3002 tulit
220 2935 368 3023 publicae
389 2938 434 3002 rei
458 2940 626 3007 consulens
644 2942 745 3008 Iulius
761 2941 925 3008 Honorius
947 2944 1101 3031 magister
1122 2950 1205 3009 etc.“

99 3267 101 3271 ’
211 3248 282 3314 Iam
305 3274 380 3317 vero
404 3254 510 3319 omnia
531 3255 565 3318 in
588 3263 699 3341 aperto
722 3265 805 3321 sunt.
843 3256 935 3320 Dicit
957 3257 1040 3320 enim
1062 3255 1135 3319 Iulii
1157 3253 1228 3316 Ho-

124 3354 206 3421 norii
228 3355 403 3443 discipulus
425 3380 617 3448 anonymus:
645 3359 762 3424 librum
784 3359 940 3446 magistri,
963 3380 1057 3442 quem
1082 3354 1228 3440 „Sphae-

123 3462 213 3524 ram“
237 3461 428 3547 appellavit,
454 3462 496 3528 ob
519 3461 681 3527 anfractus
702 3461 870 3526 nonnullos
893 3468 925 3524 et
947 3459 1098 3548 ambages
1119 3460 1228 3547 legen-

122 3565 208 3631 tibus
229 3566 365 3632 fortasse
385 3567 491 3631 minus
511 3565 708 3635 intellectum
729 3564 784 3643 iri3
808 3562 892 3628 hano
913 3563 1012 3651 igitur
1033 3565 1075 3630 ob
1097 3587 1228 3631 causam

123 3691 192 3735 sese
213 3671 303 3735 illum
324 3668 559 3754 excerpendum
582 3666 643 3732 sibi
666 3666 850 3751 credidisse,
872 3690 913 3733 ne
936 3677 992 3733 aut
1013 3670 1083 3756 ipse
1102 3678 1157 3734 aut
1172 3671 1228 3755 qui

123 3783 236 3859 postea
257 3774 373 3840 librum
395 3771 509 3836 lecturi
532 3779 653 3853 esseut,
682 3771 716 3835 in
740 3795 863 3838 errores
884 3773 1069 3839 inciderent.
1117 3772 1226 3856 Quart

121 3876 173 3943 his
193 3902 233 3943 ex
247 3877 354 3943 verbis
368 3874 520 3959 sequitur,
542 3895 607 3937 non
620 3874 786 3962 Excerpta
801 3884 925 3942 tantum
941 3876 1227 3967 Cosmographiae,

124 3981 182 4048 sed
204 4003 339 4047 verum
356 3975 644 4043 IuliiHonorii
664 3979 811 4045 librum
834 3980 881 4045 ad
902 4005 974 4049 nos
995 4005 1119 4068 usque
1140 4003 1228 4067 per-

122 4085 300 4162 venisse3
330 4103 411 4166 quae
435 4089 541 4146 autem
563 4082 609 4147 ibi
633 4083 836 4170 „Excerpta“
861 4086 1076 4173 appellantur,
1100 4108 1139 4152 ea
1162 4083 1228 4150 Oo'-

123 4184 346 4274 smographiae
375 4206 396 4250 a
424 4184 582 4271 discipulo
612 4187 739 4256 adiecta
768 4197 852 4255 sunt.
904 4189 997 4256 Haec
1027 4190 1100 4275 ipsa
1128 4189 1229 4278 igitur

4 4388 75 4525 ἱ
