2752 4844
668 417 713 483 20

137 592 247 657 oculos
275 588 446 673 habemus,
475 612 557 674 quac
585 600 692 656 autem
722 615 762 656 ex
789 580 871 658 libro
897 592 965 658 eius
987 592 1164 679 discipulus
1188 618 1246 662 ex-

137 697 267 783 cerpsit,
289 717 329 759 ea
349 694 383 757 in
404 694 467 758 fine
483 691 758 782 Cosmographiae
780 695 924 782 legimus.
967 696 1024 762 Ad
1037 696 1118 763 baec
1134 708 1246 767 autem

136 802 343 884 Excerpta
370 797 456 862 sola
484 805 628 862 extrema
652 799 709 863 illa
729 795 828 863 verba
849 800 1009 883 pertinent
1031 823 1115 884 qnae
1135 805 1247 871 scriba

138 902 260 972 codicis
282 899 401 966 adiecit
424 900 680 987 „Excerptorum
701 901 865 987 Excerpta
890 905 1042 988 explicite
1063 903 1249 995 Orthograss

134 1011 231 1098 plaiae
253 1030 273 1071 a
287 1005 371 1071 Iulio
387 1002 526 1071 Oratore
540 1008 706 1091 utriusque
721 1006 800 1070 artis
813 1005 979 1072 feliciter“.
1016 1007 1133 1076 Scriba
1146 1014 1245 1097 enim,

134 1114 260 1179 initium
282 1107 356 1173 libri
379 1117 544 1191 sequutus,
565 1109 641 1174 Iulii
655 1110 791 1174 Honorii
809 1132 890 1194 opus
907 1110 1110 1197 „Excerpts“
1130 1117 1246 1201 appel·

134 1217 229 1295 lavit3
258 1215 306 1280 sic
330 1211 430 1298 igitur
452 1233 594 1296 eaquae
617 1236 657 1278 ex
679 1212 729 1277 his
752 1211 927 1298 discipulus
949 1218 1124 1302 excerpsit,
1153 1231 1245 1286 certe

137 1321 321 1405 „Excerpta
332 1315 589 1401 Excerptorum¹¹
607 1325 706 1381 erant.
742 1313 998 1403 Cosmograpbia
1011 1319 1088 1385 Iulii
1101 1320 1245 1390 Honorii

134 1426 185 1490 his
206 1422 313 1489 verbis
334 1417 444 1484 finitur
460 1417 629 1502 „Quatnor
650 1443 842 1485 oceanornm
864 1422 1060 1488 continentia
1074 1426 1241 1510 explicit“.

133 1530 248 1612 Itaque
271 1549 291 1590 a
312 1547 389 1590 vero
412 1524 598 1590 aberraumt
614 1546 678 1588 non
696 1525 798 1589 solum
813 1523 968 1610 Torgioni
983 1525 1158 1595 Tozzettns
1171 1533 1243 1614 ¹¹⁷),

134 1655 245 1698 verum
268 1629 365 1694 etiam
389 1627 443 1713 qui
465 1627 645 1712 nuperrime
667 1627 708 1692 de
730 1626 818 1691 hisce
832 1627 928 1693 rebus
943 1631 1133 1696 sententiam
1147 1655 1243 1700 suam

133 1732 349 1822 promulgavit
370 1731 597 1796 D’Avezaeius
611 1731 676 1813 ¹¹⁸).

222 1838 253 1906 3.
291 1835 417 1919 Restat,
439 1844 476 1901 ut
497 1857 602 1921 pauca
624 1833 822 1918 disputemus
844 1834 885 1900 de
901 1833 1178 1926 Cosmographiae
1199 1843 1242 1906 ti.

132 1944 209 2009 tulo.
247 1940 469 2030 Haerentem
490 1939 621 2004 nomina
639 1937 832 2003 invenimus:
858 1937 1028 2022 „Quatuor
1045 1966 1243 2013 oceanorum

132 2045 364 2123 continentia“;
389 2081 430 2091 -
463 2042 648 2127 „Excerpta
675 2040 725 2104 vel
749 2043 946 2110 continentia
968 2045 1170 2132 Sphaeree¹‘;
1197 2089 1241 2101 -

134 2150 337 2243 „Sphaera¹‘3
361 2185 403 2195 —
433 2146 569 2229 denique
599 2143 805 2229 „Descriptio
832 2157 922 2212 reeta
945 2148 1240 2238 Omhographiae“.

132 2252 278 2336 Quorum
301 2250 437 2317 eundem
459 2250 525 2314 lere
548 2269 673 2312 sonsum
699 2246 816 2312 habere
838 2251 987 2317 videntur
1000 2256 1063 2319 tria
1077 2257 1132 2320 illa
1149 2257 1240 2339 „Ex-

131 2365 244 2443 cerpta
271 2357 322 2421 vel
353 2350 548 2420 continentia
574 2349 771 2436 Sphaerae“,
801 2352 999 2441 „Sphaers“,
1030 2359 1239 2448 „Descriptio

131 2457 426 2548 Orthogrephiao“‚
449 2453 606 2540 siquidem
622 2478 685 2519 vox
702 2454 984 2546 „Orthograpbia“
1001 2466 1149 2549 usurpari
1163 2477 1240 2552 pot·

130 2574 179 2632 est
201 2588 260 2652 pro
285 2560 415 2646 „tabula
436 2557 567 2623 mundi¹¹
583 2561 650 2640 ιι9).
694 2559 748 2626 Ex
775 2561 825 2629 his
852 2563 950 2650 igitur
976 2566 1156 2634 nominibus
1179 2594 1239 2658 ap.

130 2676 232 2754 paret,
257 2661 546 2750 cosmographiam
561 2661 635 2727 Iulii
650 2661 786 2730 Honorii
808 2667 886 2732 nibil
902 2690 973 2735 esse
988 2671 1049 2736 nisi
1064 2668 1238 2740 Commen-

201 2863 268 2927 117)
287 2866 304 2914 1.
324 2879 346 2914 c.
366 2873 426 2913 tom.
438 2864 484 2914 IX.
503 2879 561 2928 pag.
578 2863 633 2914 161.

200 2949 267 3013 118)
285 2952 302 3000 l.
322 2966 344 2999 c.
362 2966 420 3015 pag.
435 2949 591 3002 315-320.

200 3035 267 3099 119)
286 3037 363 3101 Apud
382 3038 524 3091 Vitruvium
540 3041 560 3101 1,
580 3040 605 3089 2.
624 3042 715 3091 eodem
733 3043 785 3092 t'cre
805 3058 881 3092 seusu
898 3045 934 3094 ita
956 3054 1102 3109 usurpatur,
1126 3053 1154 3092 ut
1171 3046 1234 3094 deli-

128 3133 203 3176 neats
220 3126 325 3174 alicuius
343 3125 379 3173 rei
397 3125 481 3189 imago
494 3141 524 3176 ea
535 3142 596 3177 voce
609 3124 762 3191 designetur.
793 3128 900 3180 Accedit
912 3133 980 3195 quod
993 3132 1056 3181 Ood.
1069 3129 1232 3179 Laurentina.

126 3213 257 3262 Medieeus
276 3209 335 3260 919.
355 3212 447 3261 saeculi
465 3215 490 3263 X
514 3211 561 3274 (de
580 3229 631 3277 quo
648 3215 715 3264 infra
731 3215 933 3278 disputabimus)
957 3219 1022 3266 hanc
1042 3215 1233 3277 inscriptionem

127 3299 249 3363 praefert:
269 3298 476 3363 „Descriptiones
494 3309 617 3350 terrarum
636 3310 661 3349 et
678 3316 800 3364 aquaram
817 3316 833 3350 a
851 3304 972 3351 Romanis
991 3303 1147 3363 scriptamm.
1179 3302 1232 3349 Iu-

127 3385 206 3449 cipit
224 3383 426 3451 Ortograpia.
463 3388 614 3437 Lectionum
635 3387 750 3449 pervigili
773 3401 833 3434 curu
850 3382 1041 3449 comperimns“
1060 3395 1107 3435 etc.
1145 3386 1232 3447 Quare

127 3472 225 3520 mediae
243 3472 372 3523 latinitatis
390 3474 506 3524 homines
524 3474 590 3522 hanc
607 3486 696 3520 vocem
714 3486 849 3534 usurpasse
867 3472 982 3520 videntur
999 3487 1046 3534 pro
1065 3473 1232 3536 „Descriptio

126 3557 226 3606 tabulae
248 3555 365 3610 mundi“.
402 3562 466 3610 Mihi
490 3568 575 3609 tamen
597 3572 644 3619 pro
664 3551 893 3619 „Orthographia“
916 3557 943 3605 in
966 3559 1082 3608 omnibus
1105 3559 1144 3608 his
1166 3559 1231 3609 loeis

127 3644 286 3695 scribendum
303 3647 401 3697 ridetur
419 3626 673 3707 ‚,Cosmographis“,
694 3643 730 3690 ita
747 3651 775 3691 ut
792 3642 865 3704 lapsu
883 3644 973 3693 calami
992 3659 1025 3694 cx
1042 3645 1090 3694 hac
1107 3657 1170 3695 voce
1187 3646 1233 3697 illa

127 3738 182 3780 orta
202 3733 242 3793 sit,
262 3735 329 3795 qaod
348 3747 380 3781 eo
398 3730 496 3779 facilius
514 3728 628 3776 accidere
646 3735 753 3789 poterat,
773 3744 823 3791 quo
842 3732 922 3793 magis
939 3747 990 3780 vox
1008 3730 1232 3796 ,‚0rthographia“

126 3819 244 3868 scribenti
262 3819 352 3868 melius
371 3817 478 3865 fortasse
496 3819 558 3860 uota
575 3821 637 3873 erat,
656 3826 732 3875 qaam
750 3804 995 3881 ,‚Co'smographis“.
1026 3819 1142 3879 Accedit,
1161 3822 1232 3881 quod

125 3905 152 3954 in
169 3905 288 3954 extremis
305 3902 363 3951 Iulii
374 3899 481 3948 Honorii
495 3897 710 3962 cosmographiae
727 3903 809 3952 verbis
828 3903 1029 3968 „Excerptornm
1040 3905 1168 3967 Excerpta
1186 3920 1232 3954 ex-

124 3991 211 4054 plicite
229 3978 458 4047 orthographiae*
477 3992 524 4032 cet
547 4000 594 4048 pro
613 3985 818 4046 „EXPLICITA
837 3986 1156 4042 ossffloeunrfflffl
1175 3993 1232 4044 sine

124 4077 177 4126 nllo
200 4073 277 4123 dubio
300 4069 460 4118 scribendum
483 4078 522 4120 est
538 4071 724 4132 „EXPLICIT
742 4072 1073 4128 COSMOGRAPHIAE“.
1106 4078 1137 4127 In
1158 4078 1232 4131 libris

125 4167 209 4210 autem
230 4170 308 4206 mann
330 4157 429 4218 scriptis
450 4170 515 4207 saec.
528 4159 653 4209 VI-IX.
672 4162 775 4211 verbum
799 4165 911 4227 explicit
933 4165 1034 4227 seepius
1058 4178 1115 4213 cum
1134 4164 1232 4216 Plurali

126 4243 273 4295 substantivi
290 4243 457 4307 coniungitur.
