2752 4844
658 378 720 447 173

136 573 263 617 munem
283 553 400 640 vulgo,
422 563 457 618 et
477 552 633 618 ecelesiae
652 551 803 639 Illyricae
824 553 1022 639 opinionem3
1051 562 1120 619 tum
1143 554 1241 619 etiam

135 664 268 742 propter
295 655 512 722 omnimodam
539 655 681 747 eiusdem
704 677 779 721 cum
799 657 888 722 fonte
908 657 1090 741 Hebraico,
1118 666 1152 722 et
1173 656 1241 721 La·

135 759 205 824 tina
225 758 416 847 Hieronymi
437 782 479 826 ex
500 761 651 826 Hebraeo
673 759 819 825 versione
841 760 1077 826 concordiam“.

223 862 432 929 Praedictum
460 873 568 930 autem
594 862 808 930 Theodorum·
829 862 1076 931 Levacovichus
1104 873 1138 929 et
1166 886 1241 928 cum

136 990 175 1033 eo
191 964 391 1033 Oaramanus
413 966 549 1034 eundem
570 968 763 1055 intelligunt,
784 965 845 1032 sub
868 990 932 1052 qno
954 967 1077 1037 Salona
1095 965 1241 1033 funditus

136 1069 245 1136 excisa
266 1080 327 1154 est,
349 1093 433 1136 anno
448 1072 523 1139 646.
539 1071 608 1136 sive
621 1094 686 1136 uno
700 1094 742 1137 ex
757 1071 882 1137 duobus
897 1070 1241 1149 antecedentibus⁴‘²);
1262 1142 1272 1169 l

136 1196 210 1240 nam
231 1183 307 1260 post
327 1174 414 1242 hunc
427 1175 636 1242 Theodorum
650 1175 765 1259 reliqui
783 1175 953 1260 pontifices
970 1197 1036 1241 non
1050 1173 1242 1256 Salonitani,

137 1276 195 1344 scd
224 1276 431 1363 Spalatenses
458 1278 524 1345 dici
552 1287 744 1365 coeperunt,
781 1301 822 1342 ex
849 1301 914 1363 quo
942 1279 1066 1345 scilicet
1092 1277 1242 1359 Ioannes,

136 1381 300 1447 Theodori
321 1403 503 1467 successor,
532 1380 702 1468 Spalatum
727 1379 835 1446 sedem
858 1382 1023 1448 transtulit
1033 1383 1102 1466 ⁴⁶³).
1147 1379 1242 1462 Quae

137 1508 234 1572 quam
260 1485 342 1552 bene
371 1486 529 1572 quadrent
556 1487 591 1551 in
617 1507 658 1551 ea
685 1507 767 1569 quae
796 1485 1006 1571 comprobare
1027 1506 1128 1571 supra
1148 1484 1243 1551 nobis

136 1590 378 1676 proposuimus,
407 1612 501 1656 nemo
529 1599 580 1656 est
607 1589 685 1674 quin
713 1589 832 1656 videat
891 1589 1007 1674 Neque
1036 1599 1146 1654 tamen
1173 1590 1240 1656 As·

136 1716 288 1768 semanno
315 1693 401 1760 idem
427 1694 559 1780 placuit.
615 1693 652 1759 Is
680 1694 782 1776 enim,
811 1717 911 1779 quum
939 1692 1001 1759 sibi
1028 1693 1241 1780 persuasisset

138 1805 235 1879 ,ante
262 1795 324 1864 SS.
353 1794 468 1883 Cyrilli
497 1819 536 1862 ac
565 1795 726 1862 Methodii
756 1805 893 1862 aetatem
921 1819 1031 1863 sacras
1057 1797 1182 1863 litteras
1207 1796 1242 1860 in

130 1898 302 1968 ‘Slavioum
323 1922 502 1965 sermonem
524 1899 696 1964 translatas
717 1920 782 1964 non
803 1900 1000 1984 fuisse“⁴⁶⁴)‚
1021 1901 1120 1966 alium
1133 1899 1241 1966 Theo·

137 2002 252 2068 dorum
272 2003 433 2091 intelligit,
454 2001 661 2068 Theodorum
682 2002 808 2069 scilicet
829 2001 1052 2070 Salonitannm
1073 2004 1141 2069 sire
1157 2002 1241 2089 Spa-

136 2107 291 2172 latcnsem
312 2105 502 2193 praesulem,
524 2106 579 2192 qui
601 2106 662 2172 sub
675 2106 798 2172 Ioanne
808 2106 905 2173 VIII.
922 2105 1139 2172 Romanorum
1160 2129 1241 2194 pon·

96 2205 101 2214 ’
135 2211 223 2276 tilica
244 2210 286 2276 ab
309 2232 393 2276 anno
414 2210 490 2280 880.
513 2232 614 2294 usque
639 2209 683 2275 ad
704 2233 823 2275 annum
844 2211 920 2280 890.
944 2208 1165 2279 Salonitanam
1188 2231 1241 2276 ec-

136 2314 267 2380 clesiam
288 2314 422 2402 regebat
431 2316 498 2397 4“).
531 2311 692 2398 Equidem
714 2311 829 2386 hamm
851 2336 956 2380 rerum
977 2314 1058 2381 nibil
1079 2314 1240 2383 affirmare

136 2417 253 2484 ausim:
280 2417 361 2483 nihil
388 2427 497 2484 tamen
522 2426 559 2483 ut
583 2416 708 2484 videtur
730 2418 861 2485 obvium
882 2428 950 2502 est,
979 2421 1149 2503 quominus
1171 2441 1241 2484 sae-

135 2522 208 2588 culo
230 2519 309 2586 VH.
339 2529 373 2587 et
399 2521 485 2587 illius
506 2519 670 2587 Theodori
697 2531 842 2608 tempore
870 2544 1033 2588 sacramm
1060 2523 1241 2588 litterarum

135 2626 314 2693 versionem
329 2625 490 2712 quandam
505 2624 593 2711 apud
608 2623 744 2692 Sclavos
758 2626 904 2692 extitisse
918 2624 1141 2692 concedamus.
1173 2626 1241 2692 Mi·

135 2731 221 2796 nime
242 2738 350 2795 autem
372 2728 613 2815 comprobanda
632 2738 719 2812 sunt,
742 2752 825 2814 quae
842 2729 883 2795 de
897 2729 1056 2801 Psalterio
1072 2729 1241 2797 audactius

135 2855 232 2918 quam
260 2834 367 2900 verius
394 2834 599 2900 concinnavit
624 2832 783 2919 Iosephus
811 2833 1017 2922 Dobrowsky
1032 2837 1109 2918 ⁴⁸⁶),
1144 2857 1241 2920 quem

135 2938 311 3003 refutantes
331 2938 484 3023 inspicias
505 2937 697 3023 Kopitarem
710 2939 765 3021 ⁴⁶⁷)
789 2947 823 3003 et
843 2938 893 3004 M.
916 2939 1032 3025 Haupt
1043 2940 1109 3023 m).

222 3091 284 3156 IV.
330 3090 397 3174 Qui
423 3091 552 3177 quidem
581 3093 661 3158 liber
688 3095 716 3158 si
744 3093 828 3159 forta
856 3093 899 3159 ad
926 3093 1160 3181 Hieronymum
1188 3117 1240 3160 sa·

136 3216 263 3260 crorum
286 3194 434 3261 codicum
455 3194 661 3282 interpretem
684 3204 848 3275 auctorem
870 3195 1071 3263 reducendus
1088 3207 1151 3263 est:
1174 3200 1238 3263 iam

135 3322 275 3367 nomen
297 3299 386 3365 eius
406 3300 446 3364 in
467 3299 601 3364 fronte
622 3299 728 3388 gerit
750 3291 894 3385 codex,
912 3324 1007 3386 quem
1023 3301 1238 3389 conscriptum

134 3404 251 3469 littoris
279 3401 502 3492 Glagoliticis,
533 3403 593 3470 sub
622 3403 749 3471 nomine
776 3402 961 3494 Glagolitae
990 3403 1135 3472 cloziani
1165 3417 1239 3473 ante

204 3601 273 3664 462)
291 3604 354 3653 Eius
372 3603 409 3652 rai
426 3603 579 3652 documenta
594 3603 669 3654 affert
678 3602 832 3654 Assemmni
851 3603 868 3653 l.
880 3619 903 3654 c
920 3618 980 3668 pag.
991 3603 1054 3655 444.
1072 3614 1140 3670 post.
1152 3608 1219 3657 mod.

200 3686 275 3749 466)
293 3689 340 3739 cfr.
358 3689 512 3740 Artemoni
529 3689 546 3738 l.
560 3704 582 3739 c.

205 3772 274 3835 464)
292 3777 338 3825 cfr.
356 3775 510 3825 &osmanni
528 3776 580 3824 Le,
598 3789 657 3838 pag.
669 3774 730 3824 447.

204 3859 274 3922 465)
292 3860 340 3912 cl'r.
357 3862 511 3913 Aswmanni
528 3861 546 3910 1,
558 3877 581 3911 c.
598 3875 657 3924 pag.
670 3858 731 3911 446.

205 3943 275 4006 466)
294 3946 340 3996 cfr.
356 3947 525 4012 Dobrowsky,
545 3947 697 4010 Glagolitics
712 3961 771 4010 pag.
786 3944 907 3999 18-22.
924 3965 983 4014 pag.
998 3948 1043 4002 28.
1067 3979 1102 3990 -
1124 3949 1237 4003 ciusdem

135 4033 232 4098 „Cyrill
249 4048 275 4082 u.
290 4032 413 4084 Memori‘
431 4050 457 4099 p,
470 4033 513 4084 53.
526 4042 590 4084 extr·
609 4064 643 4072 -
660 4033 781 4085 lustina
799 4034 859 4100 ling.
878 4035 945 4088 Slav.
963 4038 1071 4103 praefat.
1087 4054 1114 4102 p.
1127 4039 1158 4089 V.
1171 4054 1209 4102 sq.

203 4117 274 4179 467)
293 4118 421 4183 Glagolita
438 4120 574 4171 Cloziauus
592 4135 650 4185 pag.
662 4120 725 4170 ΙΨ.

205 4202 273 4264 468)
291 4206 308 4255 l.
321 4220 344 4255 c,
361 4221 421 4271 pag.
435 4206 475 4258 11.
489 4222 545 4272 sqq.
