2752 4844
656 413 720 478 195

224 574 351 667 Itaque,
372 583 459 668 quod
480 585 548 648 fere
568 585 651 649 solet
671 585 753 665 fieri,
771 584 928 649 Romulus
941 609 1000 670 pro
1015 585 1170 650 Romanis
1183 597 1238 650 aut

137 711 197 770 pro
223 686 477 772 Imperatoribus
503 686 659 753 Romanis
685 687 748 753 hoe
774 689 848 753 loco
876 700 963 753 stare
986 688 1080 753 nobis
1100 689 1237 753 videtin.

137 790 174 856 Si
204 800 311 854 autem
337 789 379 854 de
406 790 499 855 bellis
525 790 596 855 istis
622 790 777 856 Ethicnm
804 793 972 875 loquutum
1000 813 1070 856 esse
1092 792 1238 872 dicimus,

136 893 253 974 quibus
273 892 359 957 intre
386 916 487 958 annos
514 893 844 962 260et28011alia
871 903 905 958 et
927 891 1104 959 Germania
1131 906 1238 959 vasta-

136 996 264 1076 bantm,
284 996 423 1062 somme
443 996 487 1060 ed
507 995 594 1060 idem
614 997 681 1060 fere
701 1006 830 1082 tempus
851 997 1036 1063 reducenda
1048 1006 1134 1080 sunt,
1156 1021 1239 1081 quae

136 1120 211 1182 pag.
234 1098 318 1180 534,
353 1123 382 1162 v.
408 1100 457 1166 19.
480 1121 551 1183 sqq.
580 1098 668 1163 idem
694 1110 807 1164 auetor
828 1101 947 1164 attulit.
993 1099 1115 1167 Scribit
1136 1100 1237 1164 enim:

138 1197 250 1280 „Quid
271 1201 398 1266 soboles
423 1203 573 1288 ignaviae
600 1224 690 1266 meae
711 1204 863 1267 meruerit
889 1227 955 1268 non
973 1203 1239 1287 praetermittam,

137 1327 236 1386 quum
257 1326 296 1368 eo
318 1314 463 1390 tempore
485 1306 642 1389 captivati
664 1305 705 1369 ab
726 1306 853 1370 Histria
873 1306 907 1369 in
923 1303 1098 1392 Cassiopea
1119 1307 1239 1371 innuas

136 1408 338 1491 pervenerint
363 1418 438 1492 post
466 1408 568 1473 multa
596 1431 751 1472 annorum
779 1409 954 1491 enrricula,
982 1419 1014 1473 et
1035 1401 1098 1493 vir'
1114 1418 1238 1473 vastam

138 1521 170 1573 et
190 1512 310 1576 invium
332 1532 461 1576 scenam
484 1534 523 1574 ac
544 1511 712 1595 pulverum
733 1513 892 1576 ustionem
916 1535 989 1576 cum
1011 1535 1130 1598 magno
1151 1535 1238 1576 moe-

136 1636 209 1678 rore
236 1623 270 1678 et
296 1613 405 1678 taedio
433 1615 628 1698 repetierint
683 1614 729 1677 ut
756 1637 858 1697 usque
885 1616 920 1678 in
946 1615 1031 1678 diem
1059 1615 1239 1678 nativitatis

136 1739 244 1797 mene,
278 1739 373 1799 quae<
388 1715 509 1780 dudum
538 1716 626 1780 culta
657 1717 784 1782 fuerant
811 1718 845 1780 in
872 1718 1075 1782 solitudinem
1105 1717 1238 1782 redacte

136 1821 242 1882 sunt“.

226 1916 310 1983 Cum
332 1919 385 1984 liis
404 1943 523 2006 magun
544 1945 584 1986 ex
605 1933 698 2007 parte
719 1927 923 1988 consentiunt
943 1947 1025 2008 quae
1046 1923 1156 1988 Probo
1178 1924 1238 1986 im-

137 2033 272 2120 perante
296 2023 386 2086 faeta
411 2044 481 2087 esse
507 2024 644 2110 legimus
669 2028 704 2090 in
726 2027 875 2091 Eumenii
900 2029 1114 2114 panegyrico,
1142 2048 1238 2108 quem

137 2132 166 2191 is
181 2127 354 2191 Britannia
373 2126 478 2191 insula
497 2137 629 2211 recepta
643 2125 856 2194 Constantino
872 2128 1003 2195 Caesari
1026 2129 1221 2210 dicavit⁵³⁰).

223 2231 402 2313 Postquam
423 2229 508 2294 enim
530 2252 614 2293 anno
635 2233 710 2298 277.
734 2230 875 2297 Gallium
898 2245 930 2298 et
952 2233 1158 2299 Germaniam
1182 2232 1238 2296 de·

138 2334 285 2414 bellavit,
314 2355 379 2416 quo
406 2333 511 2419 magis
537 2332 669 2418 Imperii
695 2334 776 2400 fines
803 2339 974 2400 orientales
996 2337 1038 2400 ab
1059 2337 1238 2400 Alanorum

138 2435 371 2500 inmrsionibus
391 2438 496 2501 securi
510 2446 628 2517 went,
647 2436 776 2500 Probus
789 2441 927 2523 captivis
937 2439 1074 2504 Francis
1087 2440 1120 2502 in
1131 2437 1239 2502 Ponto

137 2539 231 2605 sedes
259 2539 478 2624 assignaverat
488 2539 562 2620 6’“);
596 2539 651 2621 qui
677 2546 785 2617 tamen
812 2542 958 2623 quamvis
984 2543 1081 2627 pauci
1106 2564 1238 2605 numero

140 2641 340 2724 „incredibili
367 2639 504 2704 audacia
531 2649 566 2705 et
591 2640 744 2705 felicitate
766 2665 786 2705 a
806 2641 914 2707 Ponto
935 2668 1052 2727 usque,
1082 2645 1239 2729 correptis

137 2745 289 2825 navibus,
311 2741 484 2809 Graeciam
505 2744 684 2827 Asiamque
705 2745 868 2830 populati,
893 2767 953 2808 nec
974 2747 1103 2831 impune
1124 2747 1238 2832 pleris-

137 2872 200 2933 que
214 2847 342 2933 Libyae
353 2847 501 2912 litoribus
516 2847 653 2932 appulsi,
673 2847 760 2932 ipsas
777 2858 940 2933 postremo
955 2851 1122 2916 navalibus
1138 2875 1239 2935 quon·

137 2952 213 3016 dam
240 2952 386 3014 victoriis
410 2948 533 3013 nobiles
556 2960 707 3032 ceperunt
731 2950 927 3035 Syracusas,
956 2962 988 3012 et
1009 2953 1164 3019 immenso
1185 2956 1239 3019 iti-

136 3078 214 3121 nere
233 3053 378 3139 pervecti
391 3050 559 3117 Oceanum
573 3073 637 3134 qua
651 3062 754 3118 terras
774 3054 890 3138 irrupit
909 3054 1120 3135 intravenmt,
1141 3067 1237 3141 atque

136 3158 323 3225 ita'eventu
343 3154 533 3220 temeritatis
554 3154 772 3238 ostenderunt,
792 3156 872 3221 nihil
894 3179 964 3220 esse
986 3157 1131 3222 clausum
1151 3161 1238 3244 pira-

136 3262 224 3326 ticae
243 3258 460 3344 desperationi
481 3280 546 3341 quo
567 3259 705 3344 navigiis
725 3268 851 3344 pateret
872 3265 1041 3325 accessns“
1055 3263 1123 3342 ⁸⁸²).

224 3363 358 3432 Horum¹
378 3362 479 3447 igitur
502 3360 639 3426 sonasse
665 3362 805 3427 Ethieus
831 3364 864 3426 in
886 3361 1144 3450 cosmographia
1171 3365 1239 3430 lan·

137 3466 217 3531 dato
235 3467 309 3532 loeo
331 3465 523 3530 mentionem
546 3465 670 3548 attulit,
697 3489 890 3557 quamquam
919 3468 1045 3553 singula
1068 3467 1176 3532 omnia
1197 3467 1239 3531 ab

138 3615 336 3625 .--—--—

208 3693 278 3756 53⁰)
295 3697 342 3746 ὠ.
363 3698 512 3761 Panegyrici
532 3698 638 3748 Veteres
662 3702 789 3748 recensuit
876 3699 972 3761 Woll'g.
990 3701 1123 3763 hegems,
1141 3699 1239 3747 2vou

136 3783 321 3846 Nornnbergse
340 3782 415 3832 17⁷9,
438 3783 482 3832 δ’.
505 3785 549 3832 ubi
566 3785 624 3832 ride
640 3785 735 3833 tomi
753 3801 809 3834 nro.
821 3787 865 3834 IV.
883 3801 940 3847 etp.
955 3784 994 3834 18.
1014 3802 1072 3848 pag.
1086 3784 1146 3834 aut.

207 3867 277 3928 5³1)
295 3869 341 3918 cfr.
351 3870 419 3918 sur.
429 3872 568 3933 Vopiscum
582 3871 608 3917 in
620 3869 713 3926 Probo,
731 3886 786 3931 cap.
799 3869 839 3918 18.
859 3870 1000 3927 (Historiae
1011 3874 1142 3934 Augustae
1155 3873 1239 3934 Serio

136 3971 205 4006 tores
222 3969 278 4003 sex.
307 3955 410 4017 Lipsiae
424 3957 501 4005 1774.
520 3952 562 4004 θ’.
581 3969 639 4017 pag
651 3953 724 4013 426.)
744 3964 769 4004 et
788 3956 898 4013 Gibbon,
917 3957 934 4004 l.
947 3972 970 4005 c.
988 3973 1044 4020 cap.
1056 3959 1115 4007 xli
1134 3956 1207 4016 (tom
1221 3959 1239 4005 1.

134 4057 193 4105 uae
207 4039 268 4090 3³9·
281 4035 333 4101 su)

207 4123 276 4185 532)
295 4124 341 4174 cfr.
361 4126 438 4173 etiem
455 4127 549 4175 Zosimi
572 4128 735 4177 historiarum
757 4128 838 4176 lib.1.
863 4144 919 4190 esp.
940 4127 982 4175 il.
1006 4125 1063 4184 (ed.
1081 4129 1240 4180 Reitcmeier.

134 4213 239 4274 Lipsiae
259 4208 337 4260 1784.
355 4205 398 4258 8⁰.
417 4224 475 4273 pag.
487 4210 530 4263 92
542 4211 593 4273 sq.)
654 4256 658 4262 .

980 4293 1040 4359 13*
