2752 4844
668 372 711 443 23

149 534 152 539 ’
224 548 317 616 Haec
335 547 450 631 habeo,
472 570 555 632 quae
570 546 611 614 de
626 570 703 615 vera
717 545 993 637 Oosmographiae
1008 549 1113 615 t'orma
1131 546 1240 632 dispu-

134 662 217 732 tem3
247 653 313 719 iam
341 675 417 718 vero
447 650 489 718 ad
511 651 591 720 alios
612 651 712 719 libros
735 650 925 721 accedamus
947 673 1011 737 quo
1034 651 1146 717 melius
1168 671 1240 715 sen·

134 756 236 825 tentia
258 779 297 824 ea
319 756 500 824 confirmari
520 756 635 842 possit,
658 778 754 840 quam
776 755 817 827 de
839 754 1084 825 Iulii-Oratoris
1104 751 1240 824 (immo-¹

133 859 270 946 graphia
290 860 455 946 hucusque
477 860 693 946 exposuimus.

586 1110 787 1123 n—-q—-a

517 1408 737 1529 CAPVT
775 1409 858 1525 111.

163 1591 227 1658 DE
250 1588 503 1661 SECVNDAE
524 1588 839 1662 RECENSIONIS
860 1589 1043 1660 INDOLE
1066 1587 1126 1655 ΕΤ
1149 1586 1213 1655 LI·

441 1701 545 1773 BRIS
568 1701 928 1772 MANVSORIPTIS.

645 1917 676 1999 §-
706 1915 737 1979 r.

360 2049 408 2099 DE
426 2048 612 2102 SECVNDAE
630 2049 856 2104 REOENSIONIS
874 2049 1012 2101 INDOLE.

225 2200 395 2272 Secundae
407 2205 600 2273 recensionis
612 2203 888 2295 Oosmographiae
901 2214 1018 2270 natura
1030 2209 1127 2287 atque
1137 2201 1241 2287 forma

136 2307 218 2375 tales
240 2317 330 2391 sunt,
358 2315 394 2373 ut
414 2308 508 2376 facile
532 2319 701 2397 appareat,
728 2311 865 2398 primam
887 2308 1059 2376 editionem
1083 2327 1164 2390 quae
1185 2303 1241 2379 lu·

135 2411 214 2478 lium
229 2411 410 2485 Honorium
427 2423 592 2481 auctorem
612 2414 763 2500 praefert,
784 2412 986 2493 emendatam
1008 2400 1124 2498 postea
1144 2416 1241 2494 atque

136 2523 265 2583 auctam
286 2516 385 2583 finisse
406 2516 447 2585 ab
469 2516 597 2585 homine
618 2520 728 2586 nescio
750 2539 824 2602 quo.
869 2514 938 2598 Qui
960 2539 1059 2600 quum
1079 2513 1156 2580 Iulii
1170 2511 1241 2578 Ηο-

135 2619 219 2685 norii
240 2641 323 2706 opus
344 2622 411 2686 suis
433 2621 519 2687 curis
546 2622 593 2687 ita
620 2620 836 2705 emendasset,
864 2628 902 2687 ut
922 2640 1026 2686 novus
1047 2617 1139 2702 quasi
1160 2615 1241 2683 liber

137 2723 282 2789 extitisse
302 2722 481 2790 videretur:
509 2725 594 2791 illius
614 2724 763 2793 Oratoris
784 2747 917 2806 nomen,
943 2722 1031 2808 quod
1053 2721 1154 2808 priori
1175 2716 1241 2787 Go-

137 2827 362 2914 smographiae
384 2828 516 2894 editioni
539 2829 752 2918 subiungitur,
773 2828 843 2896 iure
864 2850 923 2895 suo
945 2827 1068 2913 optimo
1090 2825 1205 2890 omisit

223 2930 286 2997 Est
307 2940 415 2997 autem
438 2930 596 2999 secundae
617 2934 811 3000 recensionis
831 2932 935 2998 forma
950 2932 1040 2997 haec.
1079 2927 1241 3015 Compen-

137 3033 194 3099 dia
213 3035 268 3099 illa
289 3035 475 3117 insularum,
497 3039 665 3119 montium,
686 3037 934 3123 provinciarum,
955 3034 1159 3122 oppidorum,
1181 3031 1241 3097 flu·

136 3136 261 3200 minum
277 3146 310 3201 et
327 3138 470 3223 gentium
487 3140 630 3203 omnium
644 3139 678 3203 in
692 3148 848 3204 terrarum
861 3138 951 3219 orbe,
974 3158 1056 3221 quae
1069 3135 1130 3201 sub
1144 3135 1240 3232 finepr

137 3238 254 3326 prioris
276 3237 424 3304 editionis
447 3239 558 3306 addita
578 3240 796 3325 inveniuntur,
820 3264 859 3306 ea
880 3248 993 3306 auctor
1013 3246 1133 3321 noster,
1154 3239 1240 3323 quis·

138 3343 210 3430 quis
231 3343 337 3426 fuerit,
360 3341 471 3410 ordine
490 3343 546 3409 illo
565 3344 701 3430 pristino
720 3345 885 3432 neglecto,
907 3346 954 3411 ita
975 3343 1182 3429 transposuit,
1204 3350 1241 3407 ut

136 3446 237 3513 verba
260 3445 445 3534 ,Excerpta
465 3448 534 3515 eius
549 3447 734 3535 Sphaerae“
757 3456 820 3515 cet.
843 3470 925 3533 quae
946 3470 1005 3534 por
1026 3470 1176 3529 errorem,
1197 3447 1240 3513 si·

138 3559 194 3617 cut
215 3549 519 3637 demonstravimus,
541 3553 575 3618 in
595 3554 687 3619 initio
710 3550 984 3640 Cosmographiae
1004 3550 1128 3619 codicis
1148 3551 1241 3617 Pari·
1270 3557 1274 3562 ’
1348 3618 1351 3624 .

138 3654 251 3720 siensis
265 3655 363 3724 4808.
378 3654 526 3721 librarius
540 3657 721 3741 collocarit,
734 3658 880 3744 proxime
894 3656 1128 3724 antecederent.
1154 3654 1242 3738 Qua

139 3781 185 3824 ex
207 3782 249 3824 re
272 3759 474 3844 sequitur,
504 3759 706 3827 secundae
734 3763 986 3828 recensionis
1008 3759 1172 3828 codices
1195 3783 1239 3826 ex

139 3860 215 3928 hoc
237 3864 327 3950 ipso
349 3862 576 3930 Parisienri
598 3862 702 3929 libro
723 3886 940 3932 emanasse.

228 3964 524 4054 Transpositionem
553 3991 593 4033 au
595 3974 660 4032 tem
689 3968 775 4033 illam
804 3971 1082 4057 compendiorum,
1111 3968 1151 4034 de
1178 3990 1242 4051 qua

140 4068 297 4156 diximus,
326 4091 384 4136 cur
410 4069 530 4139 factam
553 4078 695 4138 essesta
695 4079 838 4159 tuamus,
867 4074 955 4141 nullo
983 4073 1078 4141 modo
1102 4070 1241 4138 dubitari

139 4175 268 4261 poterit.
314 4171 424 4268 Quum
452 4176 536 4242 enim
564 4174 649 4242 idom
678 4186 791 4245 auctor
818 4203 858 4246 ex
887 4181 949 4246 alio
978 4175 1118 4263 quodam
1142 4176 1242 4263 fonte,
