<?xml version="1.0" encoding="UTF-8"?>
<!DOCTYPE html PUBLIC "-//W3C//DTD XHTML 1.0 Transitional//EN"
    "http://www.w3.org/TR/xhtml1/DTD/xhtml1-transitional.dtd">
<html xmlns="http://www.w3.org/1999/xhtml" xml:lang="en" lang="en">
 <head>
  <title>
</title>
<meta http-equiv="Content-Type" content="text/html;charset=utf-8" />
  <meta name='ocr-system' content='tesseract 3.04.00' />
  <meta name='ocr-capabilities' content='ocr_page ocr_carea ocr_par ocr_line ocrx_word'/>
</head>
<body>
  <div class='ocr_page' id='page_1' title='image "./decosmographiae00pertgoog_0182.png"; bbox 0 0 2752 4844; ppageno 0'>
   <div class='ocr_carea' id='block_1_1' title="bbox 661 389 720 458">
    <p class='ocr_par' dir='ltr' id='par_1_1' title="bbox 661 389 720 458">
     <span class='ocr_line' id='line_1_1' title="bbox 661 389 720 458; baseline 0.034 -2"><span class='ocrx_word' id='word_1_1' title='bbox 661 389 720 458; x_wconf 76' lang='lat'><strong>18¹</strong></span> 
     </span>
    </p>
   </div>
   <div class='ocr_carea' id='block_1_2' title="bbox 139 560 1243 860">
    <p class='ocr_par' dir='ltr' id='par_1_2' title="bbox 139 560 1243 860">
     <span class='ocr_line' id='line_1_2' title="bbox 139 560 1243 649; baseline -0.001 -24"><span class='ocrx_word' id='word_1_2' title='bbox 139 560 211 626; x_wconf 87' lang='lat' dir='ltr'><strong>Nos</strong></span> <span class='ocrx_word' id='word_1_3' title='bbox 233 570 340 626; x_wconf 89' lang='lat' dir='ltr'><strong>autem</strong></span> <span class='ocrx_word' id='word_1_4' title='bbox 362 561 403 627; x_wconf 89' lang='lat' dir='ltr'><strong>de</strong></span> <span class='ocrx_word' id='word_1_5' title='bbox 425 562 475 628; x_wconf 90' lang='lat' dir='ltr'><strong>bis</strong></span> <span class='ocrx_word' id='word_1_6' title='bbox 497 565 560 628; x_wconf 90' lang='lat' dir='ltr'><strong>iam</strong></span> <span class='ocrx_word' id='word_1_7' title='bbox 583 562 721 629; x_wconf 87' lang='lat' dir='ltr'><strong>vidimus</strong></span> <span class='ocrx_word' id='word_1_8' title='bbox 743 564 904 649; x_wconf 91' lang='lat' dir='ltr'><strong>quomodo</strong></span> <span class='ocrx_word' id='word_1_9' title='bbox 922 585 957 630; x_wconf 85' lang='lat' dir='ltr'><strong>se</strong></span> <span class='ocrx_word' id='word_1_10' title='bbox 972 562 1121 644; x_wconf 89' lang='lat' dir='ltr'><strong>babeant,</strong></span> <span class='ocrx_word' id='word_1_11' title='bbox 1144 583 1243 644; x_wconf 86' lang='lat' dir='ltr'><strong>quare</strong></span> 
     </span>
     <span class='ocr_line' id='line_1_3' title="bbox 139 661 1234 762; baseline 0.003 -34"><span class='ocrx_word' id='word_1_12' title='bbox 139 686 224 729; x_wconf 88' lang='lat' dir='ltr'><strong>nunc</strong></span> <span class='ocrx_word' id='word_1_13' title='bbox 245 661 351 750; x_wconf 83' lang='lat' dir='ltr'><strong>pauca</strong></span> <span class='ocrx_word' id='word_1_14' title='bbox 371 664 519 732; x_wconf 84' lang='lat' dir='ltr'><strong>addimus</strong></span> <span class='ocrx_word' id='word_1_15' title='bbox 540 666 581 732; x_wconf 96' lang='lat' dir='ltr'><strong>de</strong></span> <span class='ocrx_word' id='word_1_16' title='bbox 603 666 638 734; x_wconf 89' lang='lat' dir='ltr'><strong>S.</strong></span> <span class='ocrx_word' id='word_1_17' title='bbox 655 667 769 756; x_wconf 84' lang='lat' dir='ltr'><strong>Oyrilli</strong></span> <span class='ocrx_word' id='word_1_18' title='bbox 791 667 964 735; x_wconf 90' lang='lat' dir='ltr'><strong>elementis.</strong></span> <span class='ocrx_word' id='word_1_19' title='bbox 1232 758 1234 762; x_wconf 10' lang='grc' dir='ltr'><em>Α</em></span> 
     </span>
     <span class='ocr_line' id='line_1_4' title="bbox 226 767 1241 860; baseline -0.001 -29"><span class='ocrx_word' id='word_1_20' title='bbox 226 767 341 852; x_wconf 91' lang='lat' dir='ltr'><strong>Itaque</strong></span> <span class='ocrx_word' id='word_1_21' title='bbox 364 769 391 833; x_wconf 89' lang='lat' dir='ltr'><strong>si</strong></span> <span class='ocrx_word' id='word_1_22' title='bbox 414 793 490 834; x_wconf 87' lang='lat' dir='ltr'><strong>vera</strong></span> <span class='ocrx_word' id='word_1_23' title='bbox 511 781 586 835; x_wconf 90' lang='lat' dir='ltr'><strong>sunt</strong></span> <span class='ocrx_word' id='word_1_24' title='bbox 609 795 691 856; x_wconf 90' lang='lat' dir='ltr'><strong>quae</strong></span> <span class='ocrx_word' id='word_1_25' title='bbox 710 796 806 860; x_wconf 89' lang='lat' dir='ltr'><strong>supra</strong></span> <span class='ocrx_word' id='word_1_26' title='bbox 821 769 1029 856; x_wconf 86' lang='lat' dir='ltr'><strong>comprobare</strong></span> <span class='ocrx_word' id='word_1_27' title='bbox 1044 767 1106 832; x_wconf 91' lang='lat' dir='ltr'><strong>nisi</strong></span> <span class='ocrx_word' id='word_1_28' title='bbox 1121 788 1241 847; x_wconf 87' lang='lat' dir='ltr'><strong>sumus,</strong></span> 
     </span>
    </p>
   </div>
   <div class='ocr_carea' id='block_1_3' title="bbox 133 867 1241 3952">
    <p class='ocr_par' dir='ltr' id='par_1_3' title="bbox 136 867 1241 1370">
     <span class='ocr_line' id='line_1_5' title="bbox 139 867 1241 962; baseline -0.002 -27"><span class='ocrx_word' id='word_1_29' title='bbox 139 893 243 936; x_wconf 90' lang='lat' dir='ltr'><strong>nonne</strong></span> <span class='ocrx_word' id='word_1_30' title='bbox 264 871 391 937; x_wconf 84' lang='lat' dir='ltr'><strong>inversa</strong></span> <span class='ocrx_word' id='word_1_31' title='bbox 412 872 570 938; x_wconf 81' lang='lat' dir='ltr'><strong>Dobrovii</strong></span> <span class='ocrx_word' id='word_1_32' title='bbox 594 877 751 941; x_wconf 89' lang='lat' dir='ltr'><strong>sententia</strong></span> <span class='ocrx_word' id='word_1_33' title='bbox 772 877 881 962; x_wconf 80' lang='lat' dir='ltr'>apices</span> <span class='ocrx_word' id='word_1_34' title='bbox 903 870 1074 960; x_wconf 86' lang='lat' dir='ltr'><strong>Cyrillicos</strong></span> <span class='ocrx_word' id='word_1_35' title='bbox 1096 893 1137 935; x_wconf 84' lang='lat' dir='ltr'><strong>ex</strong></span> <span class='ocrx_word' id='word_1_36' title='bbox 1159 867 1241 934; x_wconf 86' lang='lat' dir='ltr'><strong>Gla·</strong></span> 
     </span>
     <span class='ocr_line' id='line_1_6' title="bbox 138 971 1240 1063; baseline -0.002 -25"><span class='ocrx_word' id='word_1_37' title='bbox 138 974 278 1061; x_wconf 85' lang='lat' dir='ltr'><strong>goliticis</strong></span> <span class='ocrx_word' id='word_1_38' title='bbox 299 975 401 1058; x_wconf 86' lang='lat' dir='ltr'><strong>videri</strong></span> <span class='ocrx_word' id='word_1_39' title='bbox 423 985 516 1042; x_wconf 89' lang='lat' dir='ltr'><strong>natos</strong></span> <span class='ocrx_word' id='word_1_40' title='bbox 539 977 717 1062; x_wconf 81' lang='lat' dir='ltr'>edicemus,</span> <span class='ocrx_word' id='word_1_41' title='bbox 740 989 773 1044; x_wconf 92' lang='lat' dir='ltr'><strong>et</strong></span> <span class='ocrx_word' id='word_1_42' title='bbox 794 979 841 1042; x_wconf 89' lang='lat' dir='ltr'><strong>ita</strong></span> <span class='ocrx_word' id='word_1_43' title='bbox 863 977 992 1063; x_wconf 92' lang='lat' dir='ltr'><strong>quidem</strong></span> <span class='ocrx_word' id='word_1_44' title='bbox 1014 983 1119 1057; x_wconf 90' lang='lat' dir='ltr'><strong>natos,</strong></span> <span class='ocrx_word' id='word_1_45' title='bbox 1141 982 1177 1037; x_wconf 91' lang='lat' dir='ltr'><strong>ut</strong></span> <span class='ocrx_word' id='word_1_46' title='bbox 1199 971 1240 1036; x_wconf 94' lang='lat' dir='ltr'><strong>de</strong></span> 
     </span>
     <span class='ocr_line' id='line_1_7' title="bbox 139 1073 1240 1167; baseline -0.005 -24"><span class='ocrx_word' id='word_1_47' title='bbox 139 1100 197 1143; x_wconf 84' lang='lat' dir='ltr'><strong>suo</strong></span> <span class='ocrx_word' id='word_1_48' title='bbox 218 1078 342 1144; x_wconf 86' lang='lat' dir='ltr'><strong>litteras</strong></span> <span class='ocrx_word' id='word_1_49' title='bbox 364 1081 531 1146; x_wconf 84' lang='lat' dir='ltr'><strong>nonnullas</strong></span> <span class='ocrx_word' id='word_1_50' title='bbox 547 1079 703 1167; x_wconf 86' lang='lat' dir='ltr'><strong>Oyrillum</strong></span> <span class='ocrx_word' id='word_1_51' title='bbox 727 1080 887 1146; x_wconf 75' lang='lat' dir='ltr'><strong>addidisse</strong></span> <span class='ocrx_word' id='word_1_52' title='bbox 908 1078 1159 1166; x_wconf 89' lang='lat' dir='ltr'><strong>praedicandum</strong></span> <span class='ocrx_word' id='word_1_53' title='bbox 1177 1073 1240 1141; x_wconf 76' lang='lat' dir='ltr'><strong>sit?</strong></span> 
     </span>
     <span class='ocr_line' id='line_1_8' title="bbox 138 1182 1240 1268; baseline -0.004 -22"><span class='ocrx_word' id='word_1_54' title='bbox 138 1182 212 1246; x_wconf 90' lang='lat' dir='ltr'><strong>Hoc</strong></span> <span class='ocrx_word' id='word_1_55' title='bbox 235 1191 340 1248; x_wconf 90' lang='lat' dir='ltr'><strong>autem</strong></span> <span class='ocrx_word' id='word_1_56' title='bbox 363 1182 518 1249; x_wconf 88' lang='lat' dir='ltr'><strong>accidisse</strong></span> <span class='ocrx_word' id='word_1_57' title='bbox 541 1194 577 1249; x_wconf 91' lang='lat' dir='ltr'><strong>ut</strong></span> <span class='ocrx_word' id='word_1_58' title='bbox 598 1183 792 1268; x_wconf 81' lang='lat' dir='ltr'><strong>statuamus,</strong></span> <span class='ocrx_word' id='word_1_59' title='bbox 819 1184 945 1249; x_wconf 90' lang='lat' dir='ltr'><strong>duobus</strong></span> <span class='ocrx_word' id='word_1_60' title='bbox 966 1182 1167 1268; x_wconf 87' lang='lat' dir='ltr'><strong>potissimum</strong></span> <span class='ocrx_word' id='word_1_61' title='bbox 1190 1200 1240 1242; x_wconf 90' lang='lat' dir='ltr'><strong>ar-</strong></span> 
     </span>
     <span class='ocr_line' id='line_1_9' title="bbox 136 1285 517 1370; baseline 0.01 -22"><span class='ocrx_word' id='word_1_62' title='bbox 136 1285 297 1370; x_wconf 81' lang='lat' dir='ltr'><strong>gumentis</strong></span> <span class='ocrx_word' id='word_1_63' title='bbox 319 1285 517 1352; x_wconf 79' lang='lat' dir='ltr'><strong>adducimur.</strong></span> 
     </span>
    </p>

    <p class='ocr_par' dir='ltr' id='par_1_4' title="bbox 135 1387 1238 2298">
     <span class='ocr_line' id='line_1_10' title="bbox 228 1387 1238 1468; baseline -0.005 -13"><span class='ocrx_word' id='word_1_64' title='bbox 228 1391 255 1455; x_wconf 88' lang='lat' dir='ltr'><strong>l.</strong></span> <span class='ocrx_word' id='word_1_65' title='bbox 300 1388 431 1455; x_wconf 83' lang='lat' dir='ltr'><strong>Etenim</strong></span> <span class='ocrx_word' id='word_1_66' title='bbox 459 1392 487 1456; x_wconf 88' lang='lat' dir='ltr'><strong>si</strong></span> <span class='ocrx_word' id='word_1_67' title='bbox 515 1400 638 1457; x_wconf 83' lang='lat' dir='ltr'><strong>attento</strong></span> <span class='ocrx_word' id='word_1_68' title='bbox 670 1393 776 1458; x_wconf 87' lang='lat' dir='ltr'><strong>animo</strong></span> <span class='ocrx_word' id='word_1_69' title='bbox 804 1389 966 1456; x_wconf 86' lang='lat' dir='ltr'><strong>rationem</strong></span> <span class='ocrx_word' id='word_1_70' title='bbox 989 1387 1238 1468; x_wconf 83' lang='lat' dir='ltr'><strong>consideramus,</strong></span> 
     </span>
     <span class='ocr_line' id='line_1_11' title="bbox 137 1491 1238 1583; baseline -0.001 -28"><span class='ocrx_word' id='word_1_71' title='bbox 137 1514 202 1576; x_wconf 92' lang='lat' dir='ltr'><strong>qua</strong></span> <span class='ocrx_word' id='word_1_72' title='bbox 223 1492 379 1557; x_wconf 90' lang='lat' dir='ltr'><strong>elementa</strong></span> <span class='ocrx_word' id='word_1_73' title='bbox 398 1492 576 1560; x_wconf 88' lang='lat' dir='ltr'><strong>litterarum</strong></span> <span class='ocrx_word' id='word_1_74' title='bbox 593 1495 679 1581; x_wconf 89' lang='lat' dir='ltr'><strong>apud</strong></span> <span class='ocrx_word' id='word_1_75' title='bbox 694 1496 835 1583; x_wconf 83' lang='lat' dir='ltr'><strong>singulas</strong></span> <span class='ocrx_word' id='word_1_76' title='bbox 849 1495 993 1559; x_wconf 92' lang='lat' dir='ltr'><strong>nationes</strong></span> <span class='ocrx_word' id='word_1_77' title='bbox 1008 1491 1139 1558; x_wconf 89' lang='lat' dir='ltr'><strong>condita</strong></span> <span class='ocrx_word' id='word_1_78' title='bbox 1152 1497 1238 1570; x_wconf 85' lang='lat' dir='ltr'><strong>sunt,</strong></span> 
     </span>
     <span class='ocr_line' id='line_1_12' title="bbox 136 1595 1238 1684; baseline -0.004 -25"><span class='ocrx_word' id='word_1_79' title='bbox 136 1595 241 1680; x_wconf 91' lang='lat' dir='ltr'><strong>primo</strong></span> <span class='ocrx_word' id='word_1_80' title='bbox 268 1596 397 1680; x_wconf 89' lang='lat' dir='ltr'><strong>quidem</strong></span> <span class='ocrx_word' id='word_1_81' title='bbox 424 1619 546 1682; x_wconf 88' lang='lat' dir='ltr'><strong>paucos</strong></span> <span class='ocrx_word' id='word_1_82' title='bbox 574 1605 700 1663; x_wconf 88' lang='lat' dir='ltr'><strong>tantum</strong></span> <span class='ocrx_word' id='word_1_83' title='bbox 728 1600 836 1684; x_wconf 82' lang='lat' dir='ltr'><strong>apices</strong></span> <span class='ocrx_word' id='word_1_84' title='bbox 859 1607 892 1663; x_wconf 91' lang='lat' dir='ltr'><strong>et</strong></span> <span class='ocrx_word' id='word_1_85' title='bbox 913 1619 968 1662; x_wconf 89' lang='lat' dir='ltr'><strong>eos</strong></span> <span class='ocrx_word' id='word_1_86' title='bbox 990 1595 1105 1680; x_wconf 87' lang='lat' dir='ltr'><strong>quibus</strong></span> <span class='ocrx_word' id='word_1_87' title='bbox 1128 1613 1238 1657; x_wconf 85' lang='lat' dir='ltr'><strong>carere</strong></span> 
     </span>
     <span class='ocr_line' id='line_1_13' title="bbox 136 1694 1237 1786; baseline -0.004 -24"><span class='ocrx_word' id='word_1_88' title='bbox 136 1699 223 1764; x_wconf 91' lang='lat' dir='ltr'><strong>nullo</strong></span> <span class='ocrx_word' id='word_1_89' title='bbox 251 1699 347 1764; x_wconf 89' lang='lat' dir='ltr'><strong>modo</strong></span> <span class='ocrx_word' id='word_1_90' title='bbox 370 1710 535 1785; x_wconf 87' lang='lat' dir='ltr'><strong>poterant,</strong></span> <span class='ocrx_word' id='word_1_91' title='bbox 565 1702 712 1767; x_wconf 85' lang='lat' dir='ltr'><strong>inventos</strong></span> <span class='ocrx_word' id='word_1_92' title='bbox 732 1703 831 1767; x_wconf 80' lang='lat' dir='ltr'><strong>fuisse</strong></span> <span class='ocrx_word' id='word_1_93' title='bbox 854 1700 1046 1786; x_wconf 87' lang='lat' dir='ltr'><strong>accepimus.</strong></span> <span class='ocrx_word' id='word_1_94' title='bbox 1092 1695 1159 1764; x_wconf 89' lang='lat' dir='ltr'><strong>Sed</strong></span> <span class='ocrx_word' id='word_1_95' title='bbox 1180 1694 1237 1759; x_wconf 93' lang='lat' dir='ltr'><strong>ubi</strong></span> 
     </span>
     <span class='ocr_line' id='line_1_14' title="bbox 136 1799 1238 1890; baseline -0.002 -26"><span class='ocrx_word' id='word_1_96' title='bbox 136 1800 261 1866; x_wconf 88' lang='lat' dir='ltr'><strong>deinde</strong></span> <span class='ocrx_word' id='word_1_97' title='bbox 279 1801 383 1867; x_wconf 89' lang='lat' dir='ltr'><strong>indies</strong></span> <span class='ocrx_word' id='word_1_98' title='bbox 410 1802 566 1873; x_wconf 86' lang='lat' dir='ltr'><strong>bonarum</strong></span> <span class='ocrx_word' id='word_1_99' title='bbox 596 1806 711 1870; x_wconf 86' lang='lat' dir='ltr'><strong>artium</strong></span> <span class='ocrx_word' id='word_1_100' title='bbox 741 1805 848 1870; x_wconf 90' lang='lat' dir='ltr'><strong>studio</strong></span> <span class='ocrx_word' id='word_1_101' title='bbox 878 1804 982 1890; x_wconf 82' lang='lat' dir='ltr'><strong>magis</strong></span> <span class='ocrx_word' id='word_1_102' title='bbox 1009 1824 1080 1868; x_wconf 89' lang='lat' dir='ltr'><strong>sese</strong></span> <span class='ocrx_word' id='word_1_103' title='bbox 1111 1799 1238 1864; x_wconf 88' lang='lat' dir='ltr'><strong>tradere</strong></span> 
     </span>
     <span class='ocr_line' id='line_1_15' title="bbox 136 1901 1237 1990; baseline -0.004 -22"><span class='ocrx_word' id='word_1_104' title='bbox 136 1912 311 1988; x_wconf 89' lang='lat' dir='ltr'><strong>coeperunt</strong></span> <span class='ocrx_word' id='word_1_105' title='bbox 331 1905 453 1967; x_wconf 88' lang='lat' dir='ltr'><strong>factum</strong></span> <span class='ocrx_word' id='word_1_106' title='bbox 476 1916 541 1987; x_wconf 89' lang='lat' dir='ltr'><strong>est,</strong></span> <span class='ocrx_word' id='word_1_107' title='bbox 565 1915 602 1969; x_wconf 92' lang='lat' dir='ltr'><strong>ut</strong></span> <span class='ocrx_word' id='word_1_108' title='bbox 623 1906 801 1971; x_wconf 87' lang='lat' dir='ltr'><strong>litterarum</strong></span> <span class='ocrx_word' id='word_1_109' title='bbox 824 1905 941 1972; x_wconf 86' lang='lat' dir='ltr'><strong>ductus</strong></span> <span class='ocrx_word' id='word_1_110' title='bbox 964 1927 1044 1990; x_wconf 83' lang='lat' dir='ltr'><strong>quos</strong></span> <span class='ocrx_word' id='word_1_111' title='bbox 1067 1927 1087 1968; x_wconf 89' lang='lat' dir='ltr'><strong>a</strong></span> <span class='ocrx_word' id='word_1_112' title='bbox 1108 1901 1237 1967; x_wconf 89' lang='lat' dir='ltr'><strong>maiori-</strong></span> 
     </span>
     <span class='ocr_line' id='line_1_16' title="bbox 136 2005 1236 2092; baseline -0.003 -21"><span class='ocrx_word' id='word_1_113' title='bbox 136 2007 196 2071; x_wconf 89' lang='lat' dir='ltr'><strong>bus</strong></span> <span class='ocrx_word' id='word_1_114' title='bbox 213 2014 414 2092; x_wconf 81' lang='lat' dir='ltr'><strong>acceperant,</strong></span> <span class='ocrx_word' id='word_1_115' title='bbox 436 2030 511 2072; x_wconf 87' lang='lat' dir='ltr'><strong>mox</strong></span> <span class='ocrx_word' id='word_1_116' title='bbox 526 2010 598 2072; x_wconf 94' lang='lat' dir='ltr'><strong>usui</strong></span> <span class='ocrx_word' id='word_1_117' title='bbox 613 2009 799 2092; x_wconf 91' lang='lat' dir='ltr'><strong>quotidiano</strong></span> <span class='ocrx_word' id='word_1_118' title='bbox 815 2031 880 2073; x_wconf 92' lang='lat' dir='ltr'><strong>non</strong></span> <span class='ocrx_word' id='word_1_119' title='bbox 894 2008 1086 2073; x_wconf 87' lang='lat' dir='ltr'><strong>sufficerent.</strong></span> <span class='ocrx_word' id='word_1_120' title='bbox 1119 2005 1236 2089; x_wconf 87' lang='lat' dir='ltr'><strong>Itaque</strong></span> 
     </span>
     <span class='ocr_line' id='line_1_17' title="bbox 136 2106 1234 2194; baseline -0.004 -20"><span class='ocrx_word' id='word_1_121' title='bbox 136 2133 194 2194; x_wconf 89' lang='lat' dir='ltr'><strong>pro</strong></span> <span class='ocrx_word' id='word_1_122' title='bbox 216 2109 406 2174; x_wconf 85' lang='lat' dir='ltr'><strong>necessitate</strong></span> <span class='ocrx_word' id='word_1_123' title='bbox 428 2131 487 2175; x_wconf 87' lang='lat' dir='ltr'><strong>sua</strong></span> <span class='ocrx_word' id='word_1_124' title='bbox 506 2111 617 2177; x_wconf 87' lang='lat' dir='ltr'><strong>formis</strong></span> <span class='ocrx_word' id='word_1_125' title='bbox 646 2122 703 2177; x_wconf 91' lang='lat' dir='ltr'><strong>aut</strong></span> <span class='ocrx_word' id='word_1_126' title='bbox 722 2112 848 2176; x_wconf 88' lang='lat' dir='ltr'><strong>noviter</strong></span> <span class='ocrx_word' id='word_1_127' title='bbox 868 2111 1007 2177; x_wconf 85' lang='lat' dir='ltr'><strong>inventis</strong></span> <span class='ocrx_word' id='word_1_128' title='bbox 1028 2119 1085 2175; x_wconf 89' lang='lat' dir='ltr'><strong>aut</strong></span> <span class='ocrx_word' id='word_1_129' title='bbox 1107 2106 1234 2174; x_wconf 89' lang='lat' dir='ltr'><strong>aliunde</strong></span> 
     </span>
     <span class='ocr_line' id='line_1_18' title="bbox 135 2211 885 2298; baseline 0.003 -22"><span class='ocrx_word' id='word_1_130' title='bbox 135 2214 281 2298; x_wconf 90' lang='lat' dir='ltr'><strong>sumptis,</strong></span> <span class='ocrx_word' id='word_1_131' title='bbox 303 2234 357 2278; x_wconf 86' lang='lat' dir='ltr'><strong>eas</strong></span> <span class='ocrx_word' id='word_1_132' title='bbox 379 2211 551 2298; x_wconf 87' lang='lat' dir='ltr'><strong>alphabeto</strong></span> <span class='ocrx_word' id='word_1_133' title='bbox 573 2215 674 2280; x_wconf 83' lang='lat' dir='ltr'><strong>veteri</strong></span> <span class='ocrx_word' id='word_1_134' title='bbox 695 2215 885 2280; x_wconf 85' lang='lat' dir='ltr'><strong>inserebant</strong></span> 
     </span>
    </p>

    <p class='ocr_par' dir='ltr' id='par_1_5' title="bbox 135 2315 1234 2507">
     <span class='ocr_line' id='line_1_19' title="bbox 223 2315 1234 2403; baseline -0.004 -22"><span class='ocrx_word' id='word_1_135' title='bbox 223 2315 331 2397; x_wconf 79' lang='lat' dir='ltr'><strong>Quam</strong></span> <span class='ocrx_word' id='word_1_136' title='bbox 352 2338 421 2381; x_wconf 89' lang='lat' dir='ltr'><strong>rem</strong></span> <span class='ocrx_word' id='word_1_137' title='bbox 442 2317 489 2382; x_wconf 88' lang='lat' dir='ltr'><strong>ita</strong></span> <span class='ocrx_word' id='word_1_138' title='bbox 511 2340 546 2384; x_wconf 89' lang='lat' dir='ltr'><strong>se</strong></span> <span class='ocrx_word' id='word_1_139' title='bbox 568 2317 686 2384; x_wconf 88' lang='lat' dir='ltr'><strong>babere</strong></span> <span class='ocrx_word' id='word_1_140' title='bbox 709 2342 806 2403; x_wconf 88' lang='lat' dir='ltr'><strong>quum</strong></span> <span class='ocrx_word' id='word_1_141' title='bbox 828 2318 899 2384; x_wconf 87' lang='lat' dir='ltr'><strong>aliis</strong></span> <span class='ocrx_word' id='word_1_142' title='bbox 920 2317 1046 2399; x_wconf 87' lang='lat' dir='ltr'><strong>multis,</strong></span> <span class='ocrx_word' id='word_1_143' title='bbox 1068 2326 1137 2383; x_wconf 85' lang='lat' dir='ltr'><strong>tum</strong></span> <span class='ocrx_word' id='word_1_144' title='bbox 1160 2323 1234 2378; x_wconf 90' lang='lat' dir='ltr'><strong>aute</strong></span> 
     </span>
     <span class='ocr_line' id='line_1_20' title="bbox 135 2418 723 2507; baseline 0.002 -22"><span class='ocrx_word' id='word_1_145' title='bbox 135 2421 242 2485; x_wconf 81' lang='lat' dir='ltr'><strong>onmia</strong></span> <span class='ocrx_word' id='word_1_146' title='bbox 264 2418 400 2486; x_wconf 86' lang='lat' dir='ltr'><strong>Graecis</strong></span> <span class='ocrx_word' id='word_1_147' title='bbox 421 2419 537 2486; x_wconf 89' lang='lat' dir='ltr'><strong>litteris</strong></span> <span class='ocrx_word' id='word_1_148' title='bbox 558 2421 723 2507; x_wconf 88' lang='lat' dir='ltr'><strong>probatur.</strong></span> 
     </span>
    </p>

    <p class='ocr_par' dir='ltr' id='par_1_6' title="bbox 134 2518 1236 3206">
     <span class='ocr_line' id='line_1_21' title="bbox 222 2518 1235 2610; baseline -0.003 -22"><span class='ocrx_word' id='word_1_149' title='bbox 222 2523 377 2610; x_wconf 81' lang='lat' dir='ltr'><strong>Legimus</strong></span> <span class='ocrx_word' id='word_1_150' title='bbox 389 2525 444 2606; x_wconf 76' lang='lat'><strong>⁴⁹⁶)</strong></span> <span class='ocrx_word' id='word_1_151' title='bbox 470 2523 553 2587; x_wconf 90' lang='lat' dir='ltr'><strong>enim</strong></span> <span class='ocrx_word' id='word_1_152' title='bbox 574 2524 698 2590; x_wconf 82' lang='lat' dir='ltr'><strong>litteras</strong></span> <span class='ocrx_word' id='word_1_153' title='bbox 719 2525 752 2588; x_wconf 90' lang='lat' dir='ltr'><strong>in</strong></span> <span class='ocrx_word' id='word_1_154' title='bbox 770 2524 942 2590; x_wconf 84' lang='lat' dir='ltr'><strong>Graeciam</strong></span> <span class='ocrx_word' id='word_1_155' title='bbox 963 2522 1067 2609; x_wconf 90' lang='lat' dir='ltr'><strong>primo</strong></span> <span class='ocrx_word' id='word_1_156' title='bbox 1089 2544 1107 2586; x_wconf 97' lang='lat' dir='ltr'><strong>e</strong></span> <span class='ocrx_word' id='word_1_157' title='bbox 1128 2518 1235 2585; x_wconf 92' lang='lat' dir='ltr'><strong>Phoe·</strong></span> 
     </span>
     <span class='ocr_line' id='line_1_22' title="bbox 135 2621 1236 2720; baseline -0.005 -30"><span class='ocrx_word' id='word_1_158' title='bbox 135 2628 205 2691; x_wconf 89' lang='lat' dir='ltr'><strong>nice</strong></span> <span class='ocrx_word' id='word_1_159' title='bbox 226 2625 370 2692; x_wconf 89' lang='lat' dir='ltr'><strong>intulisse</strong></span> <span class='ocrx_word' id='word_1_160' title='bbox 392 2624 553 2691; x_wconf 87' lang='lat' dir='ltr'><strong>Cadmum</strong></span> <span class='ocrx_word' id='word_1_161' title='bbox 574 2628 714 2693; x_wconf 88' lang='lat' dir='ltr'><strong>sedecim</strong></span> <span class='ocrx_word' id='word_1_162' title='bbox 736 2650 880 2710; x_wconf 89' lang='lat' dir='ltr'><strong>numero,</strong></span> <span class='ocrx_word' id='word_1_163' title='bbox 902 2626 1018 2711; x_wconf 87' lang='lat' dir='ltr'><strong>quibus</strong></span> <span class='ocrx_word' id='word_1_164' title='bbox 1038 2621 1236 2720; x_wconf 86' lang='lat' dir='ltr'><strong>Palameden</strong></span> 
     </span>
     <span class='ocr_line' id='line_1_23' title="bbox 135 2725 1234 2816; baseline -0.005 -22"><span class='ocrx_word' id='word_1_165' title='bbox 135 2731 213 2795; x_wconf 86' lang='lat' dir='ltr'><strong>alias</strong></span> <span class='ocrx_word' id='word_1_166' title='bbox 234 2738 372 2816; x_wconf 87' lang='lat' dir='ltr'><strong>quatuor</strong></span> <span class='ocrx_word' id='word_1_167' title='bbox 393 2729 550 2796; x_wconf 87' lang='lat' dir='ltr'><strong>adiecisse</strong></span> <span class='ocrx_word' id='word_1_168' title='bbox 572 2729 699 2816; x_wconf 85' lang='lat' dir='ltr'><strong>dieunt,</strong></span> <span class='ocrx_word' id='word_1_169' title='bbox 722 2733 859 2799; x_wconf 80' lang='lat' dir='ltr'><strong>sufficet:</strong></span> <span class='ocrx_word' id='word_1_170' title='bbox 899 2733 926 2796; x_wconf 85' lang='grc' dir='ltr'>θ</span> <span class='ocrx_word' id='word_1_171' title='bbox 941 2734 964 2795; x_wconf 85' lang='grc' dir='ltr'>Χ</span> <span class='ocrx_word' id='word_1_172' title='bbox 980 2726 1012 2794; x_wconf 86' lang='grc' dir='ltr'>Φ</span> <span class='ocrx_word' id='word_1_173' title='bbox 1027 2729 1070 2811; x_wconf 83' lang='grc' dir='ltr'><strong>Ξ,</strong></span> <span class='ocrx_word' id='word_1_174' title='bbox 1098 2725 1234 2792; x_wconf 86' lang='lat' dir='ltr'><strong>totidem</strong></span> 
     </span>
     <span class='ocr_line' id='line_1_24' title="bbox 134 2831 1234 2919; baseline -0.005 -20"><span class='ocrx_word' id='word_1_175' title='bbox 134 2844 208 2919; x_wconf 90' lang='lat' dir='ltr'><strong>post</strong></span> <span class='ocrx_word' id='word_1_176' title='bbox 235 2857 308 2901; x_wconf 91' lang='lat' dir='ltr'><strong>eum</strong></span> <span class='ocrx_word' id='word_1_177' title='bbox 331 2833 528 2901; x_wconf 88' lang='lat' dir='ltr'><strong>Simonidem</strong></span> <span class='ocrx_word' id='word_1_178' title='bbox 550 2835 714 2901; x_wconf 86' lang='lat' dir='ltr'><strong>melicum:</strong></span> <span class='ocrx_word' id='word_1_179' title='bbox 747 2837 771 2902; x_wconf 86' lang='lat' dir='ltr'><strong>Z</strong></span> <span class='ocrx_word' id='word_1_180' title='bbox 790 2839 814 2901; x_wconf 95' lang='grc' dir='ltr'>Η</span> <span class='ocrx_word' id='word_1_181' title='bbox 832 2835 918 2900; x_wconf 75' lang='grc' dir='ltr'><strong>ΨΩ.</strong></span> <span class='ocrx_word' id='word_1_182' title='bbox 962 2831 1234 2898; x_wconf 84' lang='lat' dir='ltr'><strong>Aristotelesau·</strong></span> 
     </span>
     <span class='ocr_line' id='line_1_25' title="bbox 134 2927 1230 3022; baseline -0.005 -21"><span class='ocrx_word' id='word_1_183' title='bbox 134 2949 199 3002; x_wconf 91' lang='lat' dir='ltr'><strong>tem</strong></span> <span class='ocrx_word' id='word_1_184' title='bbox 225 2937 262 3000; x_wconf 92' lang='lat' dir='ltr'>X</span> <span class='ocrx_word' id='word_1_185' title='bbox 290 2947 322 3002; x_wconf 89' lang='lat' dir='ltr'><strong>et</strong></span> <span class='ocrx_word' id='word_1_186' title='bbox 344 2937 438 3002; x_wconf 85' lang='lat' dir='ltr'><strong>VIlL</strong></span> <span class='ocrx_word' id='word_1_187' title='bbox 468 2939 575 3022; x_wconf 90' lang='lat' dir='ltr'><strong>pricas</strong></span> <span class='ocrx_word' id='word_1_188' title='bbox 601 2941 714 3006; x_wconf 87' lang='lat' dir='ltr'><strong>fuisse:</strong></span> <span class='ocrx_word' id='word_1_189' title='bbox 751 2927 1230 3005; x_wconf 70' lang='grc' dir='ltr'>ΑΒΓΔΕΖῘΚΛΜΝΟΠ</span> 
     </span>
     <span class='ocr_line' id='line_1_26' title="bbox 136 3037 1234 3127; baseline -0.005 -23"><span class='ocrx_word' id='word_1_190' title='bbox 136 3043 158 3104; x_wconf 91' lang='grc' dir='ltr'>Ρ</span> <span class='ocrx_word' id='word_1_191' title='bbox 171 3042 197 3104; x_wconf 92' lang='grc' dir='ltr'>Σ</span> <span class='ocrx_word' id='word_1_192' title='bbox 208 3041 235 3101; x_wconf 90' lang='grc' dir='ltr'>Τ</span> <span class='ocrx_word' id='word_1_193' title='bbox 245 3041 270 3103; x_wconf 89' lang='grc' dir='ltr'><strong>Υ</strong></span> <span class='ocrx_word' id='word_1_194' title='bbox 281 3037 331 3120; x_wconf 85' lang='grc' dir='ltr'><strong>Φ,</strong></span> <span class='ocrx_word' id='word_1_195' title='bbox 360 3047 394 3103; x_wconf 89' lang='lat' dir='ltr'><strong>et</strong></span> <span class='ocrx_word' id='word_1_196' title='bbox 422 3039 502 3105; x_wconf 90' lang='lat' dir='ltr'><strong>duas</strong></span> <span class='ocrx_word' id='word_1_197' title='bbox 530 3041 571 3106; x_wconf 89' lang='lat' dir='ltr'><strong>ab</strong></span> <span class='ocrx_word' id='word_1_198' title='bbox 599 3043 795 3127; x_wconf 81' lang='lat' dir='ltr'><strong>Epicharmo</strong></span> <span class='ocrx_word' id='word_1_199' title='bbox 824 3041 952 3115; x_wconf 81' lang='lat' dir='ltr'><strong>additas</strong></span> <span class='ocrx_word' id='word_1_200' title='bbox 980 3041 1006 3104; x_wconf 89' lang='grc' dir='ltr'>Θ</span> <span class='ocrx_word' id='word_1_201' title='bbox 1018 3042 1059 3121; x_wconf 81' lang='grc' dir='ltr'><strong>Χ,</strong></span> <span class='ocrx_word' id='word_1_202' title='bbox 1089 3059 1184 3120; x_wconf 90' lang='lat' dir='ltr'><strong>quam</strong></span> <span class='ocrx_word' id='word_1_203' title='bbox 1213 3058 1234 3099; x_wconf 91' lang='lat' dir='ltr'><strong>a</strong></span> 
     </span>
     <span class='ocr_line' id='line_1_27' title="bbox 134 3141 459 3206; baseline -0.006 0"><span class='ocrx_word' id='word_1_204' title='bbox 134 3141 306 3206; x_wconf 89' lang='lat' dir='ltr'><strong>Palamede</strong></span> <span class='ocrx_word' id='word_1_205' title='bbox 327 3141 459 3206; x_wconf 84' lang='lat' dir='ltr'><strong>mavult.</strong></span> 
     </span>
    </p>

    <p class='ocr_par' dir='ltr' id='par_1_7' title="bbox 133 3243 1233 3952">
     <span class='ocr_line' id='line_1_28' title="bbox 221 3243 1233 3333; baseline -0.001 -25"><span class='ocrx_word' id='word_1_206' title='bbox 221 3243 312 3309; x_wconf 89' lang='lat' dir='ltr'><strong>Idem</strong></span> <span class='ocrx_word' id='word_1_207' title='bbox 334 3243 552 3310; x_wconf 88' lang='lat' dir='ltr'><strong>Romanorum</strong></span> <span class='ocrx_word' id='word_1_208' title='bbox 573 3269 700 3331; x_wconf 90' lang='lat' dir='ltr'><strong>quoque</strong></span> <span class='ocrx_word' id='word_1_209' title='bbox 721 3246 893 3333; x_wconf 84' lang='lat' dir='ltr'><strong>alphabeto</strong></span> <span class='ocrx_word' id='word_1_210' title='bbox 916 3245 1071 3311; x_wconf 84' lang='lat' dir='ltr'><strong>accidisse</strong></span> <span class='ocrx_word' id='word_1_211' title='bbox 1099 3246 1233 3310; x_wconf 85' lang='lat' dir='ltr'><strong>scimus:</strong></span> 
     </span>
     <span class='ocr_line' id='line_1_29' title="bbox 134 3347 1233 3435; baseline -0.001 -23"><span class='ocrx_word' id='word_1_212' title='bbox 134 3347 362 3431; x_wconf 88' lang='lat' dir='ltr'><strong>antiquissimis</strong></span> <span class='ocrx_word' id='word_1_213' title='bbox 384 3349 469 3413; x_wconf 91' lang='lat' dir='ltr'><strong>enim</strong></span> <span class='ocrx_word' id='word_1_214' title='bbox 496 3350 693 3435; x_wconf 89' lang='lat' dir='ltr'><strong>temporibus</strong></span> <span class='ocrx_word' id='word_1_215' title='bbox 721 3351 847 3416; x_wconf 85' lang='lat' dir='ltr'><strong>nonnisi</strong></span> <span class='ocrx_word' id='word_1_216' title='bbox 875 3349 974 3416; x_wconf 85' lang='lat' dir='ltr'>XIX.</span> <span class='ocrx_word' id='word_1_217' title='bbox 1001 3348 1117 3412; x_wconf 86' lang='lat' dir='ltr'><strong>litteris</strong></span> <span class='ocrx_word' id='word_1_218' title='bbox 1145 3370 1233 3412; x_wconf 91' lang='lat' dir='ltr'><strong>com·</strong></span> 
     </span>
     <span class='ocr_line' id='line_1_30' title="bbox 133 3446 1232 3537; baseline -0.001 -22"><span class='ocrx_word' id='word_1_219' title='bbox 133 3451 364 3537; x_wconf 85' lang='lat' dir='ltr'><strong>positum&#39;fuit,</strong></span> <span class='ocrx_word' id='word_1_220' title='bbox 387 3451 510 3516; x_wconf 82' lang='lat' dir='ltr'><strong>scilicet</strong></span> <span class='ocrx_word' id='word_1_221' title='bbox 531 3475 588 3517; x_wconf 83' lang='lat' dir='ltr'><strong>ex:</strong></span> <span class='ocrx_word' id='word_1_222' title='bbox 610 3446 1232 3531; x_wconf 79' lang='lat' dir='ltr'><strong>ABCDEFHIKLMNOPQ</strong></span> 
     </span>
     <span class='ocr_line' id='line_1_31' title="bbox 133 3553 1233 3641; baseline -0.001 -22"><span class='ocrx_word' id='word_1_223' title='bbox 133 3553 201 3620; x_wconf 85' lang='lat' dir='ltr'><strong>RS</strong></span> <span class='ocrx_word' id='word_1_224' title='bbox 214 3554 243 3618; x_wconf 85' lang='grc' dir='ltr'><strong>Τ</strong></span> <span class='ocrx_word' id='word_1_225' title='bbox 257 3554 297 3620; x_wconf 93' lang='lat' dir='ltr'><strong>V.</strong></span> <span class='ocrx_word' id='word_1_226' title='bbox 344 3554 492 3640; x_wconf 90' lang='lat' dir='ltr'><strong>Denique</strong></span> <span class='ocrx_word' id='word_1_227' title='bbox 514 3558 745 3623; x_wconf 89' lang='lat' dir='ltr'><strong>vetustissimos</strong></span> <span class='ocrx_word' id='word_1_228' title='bbox 763 3556 999 3623; x_wconf 90' lang='lat' dir='ltr'><strong>Germanorum</strong></span> <span class='ocrx_word' id='word_1_229' title='bbox 1022 3555 1130 3641; x_wconf 89' lang='lat' dir='ltr'><strong>apices</strong></span> <span class='ocrx_word' id='word_1_230' title='bbox 1152 3574 1233 3638; x_wconf 89' lang='lat' dir='ltr'><strong>quos</strong></span> 
     </span>
     <span class='ocr_line' id='line_1_32' title="bbox 135 3656 1232 3747; baseline -0.003 -25"><span class='ocrx_word' id='word_1_231' title='bbox 135 3656 285 3740; x_wconf 85' lang='lat' dir='ltr'><strong>„Runas“</strong></span> <span class='ocrx_word' id='word_1_232' title='bbox 302 3668 432 3741; x_wconf 74' lang='lat' dir='ltr'><strong>vocant,</strong></span> <span class='ocrx_word' id='word_1_233' title='bbox 451 3659 563 3724; x_wconf 93' lang='lat' dir='ltr'><strong>eodem</strong></span> <span class='ocrx_word' id='word_1_234' title='bbox 578 3660 675 3726; x_wconf 92' lang='lat' dir='ltr'><strong>modo</strong></span> <span class='ocrx_word' id='word_1_235' title='bbox 689 3662 854 3747; x_wconf 90' lang='lat' dir='ltr'><strong>paullatim</strong></span> <span class='ocrx_word' id='word_1_236' title='bbox 869 3660 1040 3726; x_wconf 85' lang='lat' dir='ltr'><strong>increvisse</strong></span> <span class='ocrx_word' id='word_1_237' title='bbox 1055 3658 1126 3743; x_wconf 89' lang='lat' dir='ltr'><strong>quis</strong></span> <span class='ocrx_word' id='word_1_238' title='bbox 1140 3657 1232 3742; x_wconf 82' lang='lat' dir='ltr'><strong>igno·</strong></span> 
     </span>
     <span class='ocr_line' id='line_1_33' title="bbox 133 3759 1231 3846; baseline -0.003 -20"><span class='ocrx_word' id='word_1_239' title='bbox 133 3761 204 3826; x_wconf 80' lang='lat' dir='ltr'><strong>rat?</strong></span> <span class='ocrx_word' id='word_1_240' title='bbox 249 3759 337 3842; x_wconf 80' lang='lat' dir='ltr'><strong>Quin</strong></span> <span class='ocrx_word' id='word_1_241' title='bbox 364 3761 461 3826; x_wconf 89' lang='lat' dir='ltr'><strong>etiam</strong></span> <span class='ocrx_word' id='word_1_242' title='bbox 484 3761 524 3825; x_wconf 93' lang='lat' dir='ltr'><strong>de</strong></span> <span class='ocrx_word' id='word_1_243' title='bbox 546 3764 704 3829; x_wconf 92' lang='lat' dir='ltr'><strong>nonnullis</strong></span> <span class='ocrx_word' id='word_1_244' title='bbox 726 3786 837 3829; x_wconf 91' lang='lat' dir='ltr'><strong>eorum</strong></span> <span class='ocrx_word' id='word_1_245' title='bbox 859 3786 924 3846; x_wconf 93' lang='lat' dir='ltr'><strong>quo</strong></span> <span class='ocrx_word' id='word_1_246' title='bbox 945 3772 1090 3846; x_wconf 89' lang='lat' dir='ltr'><strong>tempore</strong></span> <span class='ocrx_word' id='word_1_247' title='bbox 1110 3759 1231 3824; x_wconf 85' lang='lat' dir='ltr'><strong>inventi</strong></span> 
     </span>
     <span class='ocr_line' id='line_1_34' title="bbox 134 3861 1231 3952; baseline 0.001 -25"><span class='ocrx_word' id='word_1_248' title='bbox 134 3864 304 3929; x_wconf 84' lang='lat' dir='ltr'><strong>videantur</strong></span> <span class='ocrx_word' id='word_1_249' title='bbox 332 3873 457 3929; x_wconf 88' lang='lat' dir='ltr'><strong>constat</strong></span> <span class='ocrx_word' id='word_1_250' title='bbox 469 3866 535 3945; x_wconf 77' lang='lat'><strong>⁴⁹⁶).</strong></span> <span class='ocrx_word' id='word_1_251' title='bbox 580 3864 632 3929; x_wconf 80' lang='lat' dir='ltr'><strong>Ex</strong></span> <span class='ocrx_word' id='word_1_252' title='bbox 661 3866 776 3950; x_wconf 87' lang='lat' dir='ltr'><strong>quibus</strong></span> <span class='ocrx_word' id='word_1_253' title='bbox 805 3889 901 3951; x_wconf 89' lang='lat' dir='ltr'><strong>quum</strong></span> <span class='ocrx_word' id='word_1_254' title='bbox 931 3864 1136 3952; x_wconf 89' lang='lat' dir='ltr'><strong>alphabetum</strong></span> <span class='ocrx_word' id='word_1_255' title='bbox 1162 3861 1231 3929; x_wconf 90' lang='lat' dir='ltr'><strong>Go-</strong></span> 
     </span>
    </p>
   </div>
   <div class='ocr_carea' id='block_1_4' title="bbox 204 4111 1233 4268">
    <p class='ocr_par' dir='ltr' id='par_1_8' title="bbox 204 4111 1233 4268">
     <span class='ocr_line' id='line_1_35' title="bbox 204 4111 1110 4182; baseline 0.004 -21"><span class='ocrx_word' id='word_1_256' title='bbox 204 4111 271 4174; x_wconf 72' lang='lat' dir='ltr'><strong>aas)</strong></span> <span class='ocrx_word' id='word_1_257' title='bbox 291 4115 357 4176; x_wconf 87' lang='lat' dir='ltr'><strong>apud</strong></span> <span class='ocrx_word' id='word_1_258' title='bbox 376 4114 493 4176; x_wconf 87' lang='lat' dir='ltr'><strong>Plinium,</strong></span> <span class='ocrx_word' id='word_1_259' title='bbox 512 4117 577 4166; x_wconf 86' lang='lat' dir='ltr'><strong>Hist.</strong></span> <span class='ocrx_word' id='word_1_260' title='bbox 597 4117 707 4166; x_wconf 88' lang='lat' dir='ltr'><strong>Natural.</strong></span> <span class='ocrx_word' id='word_1_261' title='bbox 726 4119 769 4167; x_wconf 86' lang='lat' dir='ltr'><strong>lib.</strong></span> <span class='ocrx_word' id='word_1_262' title='bbox 782 4120 838 4168; x_wconf 90' lang='lat' dir='ltr'><strong>Vll.</strong></span> <span class='ocrx_word' id='word_1_263' title='bbox 858 4117 969 4182; x_wconf 68' lang='lat' dir='ltr'><strong>capdss.</strong></span> <span class='ocrx_word' id='word_1_264' title='bbox 989 4125 1049 4167; x_wconf 85' lang='lat' dir='ltr'><strong>sect.</strong></span> <span class='ocrx_word' id='word_1_265' title='bbox 1068 4116 1110 4166; x_wconf 67' lang='lat'><strong>57.</strong></span> 
     </span>
     <span class='ocr_line' id='line_1_36' title="bbox 204 4196 1233 4268; baseline 0.004 -21"><span class='ocrx_word' id='word_1_266' title='bbox 204 4196 272 4256; x_wconf 78' lang='lat' dir='ltr'><strong>tat)</strong></span> <span class='ocrx_word' id='word_1_267' title='bbox 293 4208 320 4249; x_wconf 92' lang='lat' dir='ltr'><strong>ut</strong></span> <span class='ocrx_word' id='word_1_268' title='bbox 337 4201 370 4249; x_wconf 90' lang='lat' dir='ltr'><strong>de</strong></span> <span class='ocrx_word' id='word_1_269' title='bbox 387 4200 627 4263; x_wconf 83' lang='lat' dir='ltr'><strong>Anglo·Saxonum</strong></span> <span class='ocrx_word' id='word_1_270' title='bbox 645 4204 719 4254; x_wconf 87' lang='lat' dir='ltr'><strong>Runa</strong></span> <span class='ocrx_word' id='word_1_271' title='bbox 737 4219 775 4265; x_wconf 84' lang='lat' dir='ltr'><strong>ea,</strong></span> <span class='ocrx_word' id='word_1_272' title='bbox 795 4220 859 4268; x_wconf 85' lang='lat' dir='ltr'><strong>quae</strong></span> <span class='ocrx_word' id='word_1_273' title='bbox 877 4207 902 4256; x_wconf 87' lang='lat' dir='ltr'>X</span> <span class='ocrx_word' id='word_1_274' title='bbox 920 4207 1017 4256; x_wconf 85' lang='lat' dir='ltr'><strong>litterae</strong></span> <span class='ocrx_word' id='word_1_275' title='bbox 1036 4203 1086 4252; x_wconf 81' lang='lat' dir='ltr'><strong>rim</strong></span> <span class='ocrx_word' id='word_1_276' title='bbox 1104 4203 1188 4263; x_wconf 84' lang='lat' dir='ltr'><strong>habet,</strong></span> <span class='ocrx_word' id='word_1_277' title='bbox 1208 4211 1233 4251; x_wconf 88' lang='lat' dir='ltr'><strong>et</strong></span> 
     </span>
    </p>
   </div>
   <div class='ocr_carea' id='block_1_5' title="bbox 0 0 1380 4844">
    <p class='ocr_par' dir='ltr' id='par_1_9' title="bbox 0 0 1380 4844">
     <span class='ocr_line' id='line_1_37' title="bbox 0 0 1380 4844; baseline 0 3"><span class='ocrx_word' id='word_1_278' title='bbox 0 0 1380 4844; x_wconf 95' lang='lat' dir='ltr'><strong> </strong></span> 
     </span>
    </p>
   </div>
  </div>
 </body>
</html>
