2752 4844
631 387 673 454 56

192 559 305 626 Codex
326 562 446 626 nullum
468 560 534 625 fere
554 560 695 646 pretium
716 560 825 644 habet,
848 584 945 646 quum
967 569 1120 648 excerpta
1134 569 1206 628 tan·

104 674 172 730 tum
183 663 457 753 Cosmographiae
471 665 643 748 contineat,
660 686 795 748 quorum
809 687 848 729 ea
862 688 944 750 quae
958 663 1033 730 inde
1047 689 1068 729 a
1080 665 1136 730 fol.
1151 668 1204 734 62.

103 790 204 854 usque
232 769 275 833 ad
302 769 355 833 fol.
379 769 431 837 69.
459 768 595 855 legimus
621 790 661 833 ex
684 766 755 832 cod.
779 765 1020 833 Vindobonensi
1043 770 1208 856 exscripta

104 878 187 954 srmt,
210 894 292 955 quae
313 881 420 938 autem
433 873 488 937 fol.
504 873 556 939 97.
573 871 625 940 98.
647 872 858 956 reperiuntur,
882 894 922 936 ex
944 870 1206 938 antecedentibus

105 974 289 1040 abbreviata
310 998 380 1042 esse
401 974 558 1041 videntur.

190 1077 288 1143 Hune
308 1080 424 1145 librum
445 1080 507 1165 ipsi
528 1078 746 1143 tractavimua

191 1289 275 1356 Bo.
333 1287 427 1356 Cod.
459 1288 790 1355 Vindobonensis
823 1284 1053 1353 Caesareus
1087 1289 1204 1358 3222.

103 1413 179 1456 reo.
200 1393 311 1471 1872.
337 1391 543 1477 (Endliohero
555 1389 778 1476 CCCXXX.)
794 1389 991 1473 chartaeeus,
1007 1413 1089 1457 saec.
1106 1392 1204 1459 XVI.

103 1495 136 1558 in
159 1503 282 1579 quarto.
315 1498 463 1562 foliorum
487 1496 559 1564 182.

191 1598 320 1664 Insunt:
357 1599 542 1665 Emanuelis
569 1599 757 1665 Lusitaniae
786 1597 885 1683 Regis
913 1597 1060 1684 Epistola
1086 1599 1128 1665 ad
1150 1600 1206 1665 Iu·

103 1700 180 1765 lium
208 1701 252 1765 Π.
297 1700 336 1766 Ρ.
358 1700 449 1768 Max.
480 1702 520 1769 de
548 1703 691 1769 victoriis
718 1702 752 1765 in
779 1700 874 1764 India
901 1700 1036 1787 habitis,
1065 1702 1143 1768 data
1165 1727 1205 1769 ex

104 1804 223 1891 oppido
239 1805 401 1871 Abrantes
422 1809 475 1874 25.
492 1806 582 1892 Sept.
600 1804 828 1885 15073-f01.
848 1805 884 1870 11
897 1806 999 1873 -34.
1021 1805 1205 1873 Pseudo-

104 1906 271 1973 Aethici
287 1905 622 1998 cosmographia,
648 1907 867 1995 apographum
889 1906 1114 1976 oodVindoh.
1129 1912 1203 1980 181.

105 2008 292 2097 Cuspiniani
312 2036 409 2077 manu
430 2015 599 2100 scriptum3
616 2052 657 2060 -
679 2011 903 2078 10135-72.
928 2014 1084 2078 Antonini
1104 2014 1205 2081 Itine-

103 2117 236 2195 rarium3
260 2154 301 2164 -
326 2118 380 2182 fol.
404 2118 579 2186 76-206.
608 2115 748 2201 Remigii
770 2114 1043 2182 Antisiodorensis
1066 2115 1205 2184 Gdossae

103 2219 137 2282 in
163 2218 366 2286 Marcianum
395 2218 559 2307 Capellam
593 2218 659 2300 „de
687 2218 807 2304 nuptiis
834 2219 1027 2308 philologiae
1054 2228 1087 2287 et
1114 2219 1205 2288 Mer·

105 2322 203 2386 ssusii«
218 2326 282 2405 rio).

628 2556 673 2620 Π.

403 2704 534 2745 comens
558 2705 689 2748 nunnus
714 2708 849 2750 suevum
872 2709 902 2750 V.

190 2841 229 2906 Β.
245 2844 273 2907 1.
298 2836 389 2903 Cod.
412 2838 663 2907 Parisieusis·
682 2839 880 2908 Biblioth.
903 2839 1067 2904 Nation.
1084 2842 1200 2911 4807.

42 2928 44 2935 ’
104 2944 179 3008 olim
208 2940 351 3007 Conradi
381 2940 498 3028 Celtis,
541 2946 668 3011 saeculo
703 2946 766 3010 IX.
803 2949 927 3011 exeunt.
948 2944 1002 3023 ¹⁷⁷)
1041 2952 1201 3026 exaratus,

102 3037 264 3112 mbranao.
286 3047 434 3112 foliorum
458 3049 510 3118 58.

189 3151 317 3216 Insunt:
356 3152 721 3219 Pseudo-Aethiei,
744 3147 1082 3235 cosmographia,
1119 3171 1201 3232 quae

101 3253 230 3339 incipit:
252 3254 304 3319 IN
321 3305 328 3321 .
344 3254 533 3323 NOMINE
550 3306 557 3320 .
574 3254 658 3318 DEI
669 3303 677 3318 .
690 3251 846 3320 SVMMI
862 3300 869 3315 .
884 3250 1061 3317 INCIPIT
1075 3302 1082 3317 .
1096 3250 1201 3321 COS-

101 3356 388 3427 MOGRAPHIA
410 3411 418 3427 .
440 3355 691 3426 FELICITER
711 3404 719 3419 .
741 3352 867 3421 CVM.
885 3353 1174 3423 ITINERARHS
1190 3406 1198 3421 .

102 3460 203 3531 SVIS
225 3514 232 3528 .
255 3465 315 3530 ET
337 3514 345 3530 .
366 3459 597 3531 PORTIBVS
617 3507 624 3521 .
644 3458 704 3522 ET
721 3507 728 3522 .
744 3458 812 3523 EX
828 3508 835 3523 .
852 3459 1080 3527 FASTIBVS
1097 3509 1104 3524 .
1121 3459 1201 3526 RO-

101 3564 345 3635 MANORVM
366 3617 374 3632 .
396 3567 456 3631 ET
477 3612 484 3627 .
504 3561 766 3629 CONSVLVM
782 3612 789 3627 .
805 3561 1071 3631 NOMINIBVS
1088 3613 1096 3628 .
1112 3564 1173 3628 ET
1191 3614 1198 3628 .

101 3669 317 3741 DIVERSIS
339 3719 346 3735 .
369 3666 476 3736 SINE
499 3715 506 3728 .
529 3662 628 3747 QVO
650 3714 657 3729 .
679 3664 841 3733 NEMO.
860 3666 1199 3734 PRVDENTIVM.

122 3866 125 3871 ’
170 3864 236 3928 176)
256 3866 301 3915 cfr.
321 3864 435 3928 Catalog.
455 3864 579 3913 Codicum
596 3865 811 3929 Philologioorum
830 3866 964 3916 latinorum
982 3867 1133 3915 Bibliothoo.
1151 3866 1199 3916 Pa-

99 3957 168 4005 latin.
186 3951 391 4002 vindobonensis
410 3950 502 4013 digess.
522 3949 665 4014 Stephanus
683 3952 827 4002 Endlicher.
863 3953 1032 4003 Vindobonae
1053 3950 1128 4001 1836.
1161 3947 1198 4001 4⁰.

99 4056 155 4104 pag.
169 4036 229 4087 230.

171 4121 237 4185 177)
256 4123 299 4175 sic
317 4124 476 4174 scribendum
494 4140 552 4173 eum
570 4125 679 4174 Pindaro
699 4121 827 4185 (Itinerar.
845 4125 969 4173 Antonini
988 4124 1026 4173 ed.
1046 4125 1155 4188 Parthey
1174 4133 1199 4174 et

98 4213 191 4261 Pinder
209 4218 256 4262 eto.
274 4226 332 4276 pag.
345 4207 441 4273 XIII.);
460 4212 632 4262 D’Avezacius
651 4212 667 4262 1.
681 4227 703 4260 c.
722 4226 779 4275 pag.
794 4208 853 4260 293.
873 4225 939 4261 saec.
958 4211 991 4261 X.
1011 4211 1086 4260 scribi
1104 4211 1163 4261 vult.
