2752 4844
705 606 735 689 §-
761 607 790 672 5.

584 749 728 812 RELIQVI
750 749 908 802 CODICES.

276 884 415 947 Praeter
437 881 565 948 codices
587 885 822 970 manuscriptos
843 867 976 949 numero
996 882 1094 949 XIV.
1118 883 1159 950 de
1182 885 1299 969 quibus

194 1008 291 1072 supra
307 985 550 1070 disputavimus,
566 986 646 1081 alios
659 983 792 1076 triginta
805 987 1038 1075 indagavimus,
1059 987 1115 1071 qni
1129 997 1186 1052 aut
1200 987 1299 1054 etiam

193 1111 280 1154 nunc
308 1090 341 1153 in
363 1088 574 1156 Bibliothecis
601 1091 719 1175 latent,
749 1101 806 1165 aut
832 1100 1012 1178 temporum
1040 1091 1111 1156 vice
1138 1091 1299 1177 deperditi

194 1200 277 1258 sunt.
317 1190 409 1273 Quos
431 1215 559 1271 omnes,
584 1216 646 1278 quo
669 1195 793 1260 facilius
815 1196 939 1281 possint
960 1193 1163 1279 perlustrari,
1186 1189 1299 1259 ordine

195 1295 395 1383 alphabetico
418 1295 629 1362 recensendos
652 1298 744 1364 nobis
766 1321 836 1364 esse
858 1298 1049 1384 putavimus.
1092 1297 1177 1365 Sunt
1198 1297 1300 1384 igitur

192 1400 267 1466 libri
288 1400 498 1486 manuscripti
519 1401 586 1466 fere
608 1399 651 1465 hi.

285 1606 336 1674 15.
370 1605 465 1672 Cod.
481 1608 720 1696 Augiensis,
743 1607 783 1675 de
807 1632 870 1694 quo
887 1629 983 1692 supra
997 1630 1071 1694 pag.
1084 1608 1137 1675 35.
1154 1605 1299 1690 disputa·

193 1711 308 1793 vimus,
331 1711 532 1796 conscriptus
547 1720 621 1777 ante
637 1735 753 1778 annum
769 1712 834 1780 822
857 1734 895 1777 eo
918 1708 1005 1794 quod
1025 1718 1119 1774 vetus
1132 1709 1186 1775 ille
1200 1709 1299 1775 libro-

193 1835 266 1878 rum
287 1815 502 1902 Augiensium
530 1815 714 1903 catalogus,
727 1832 731 1839 ·
744 1816 799 1900 qui
826 1823 969 1880 nostrum
987 1835 1123 1898 ¹quoque
1144 1815 1299 1896 continet,

194 1916 279 1982 intra
301 1940 401 1984 annos
424 1918 498 1986 787.
523 1927 556 1983 et
577 1918 651 1986 822.
676 1918 717 1983 ab
739 1917 936 2006 Reginberto
958 1916 1116 1982 monacho
1139 1918 1299 2003 composi-

193 2029 246 2085 tus
274 2029 332 2087 est.
383 2021 457 2109 (cfr.
487 2019 664 2106 Trudperti
692 2020 841 2108 Neugart
874 2020 1108 2109 Episcopatum
1136 2018 1298 2086 Constan-

193 2124 328 2190 tiensem
350 2133 411 2190 etc.
446 2125 554 2189 Partis
575 2124 603 2189 Ι.
638 2125 777 2191 Tomum
798 2125 825 2190 I.
868 2127 961 2194 1803.
996 2128 1042 2192 4⁰.
1077 2146 1151 2210 pag.
1169 2125 1258 2212 548.)

280 2226 390 2294 Inerat
409 2235 537 2315 praeter
560 2227 622 2292 alia
643 2228 758 2292 multa:
784 2229 862 2311 „ut
883 2228 987 2295 liber
1015 2226 1176 2293 ethicae
1198 2227 1298 2292 Hie-

194 2332 350 2416 ronymi
373 2330 419 2396 de
443 2327 806 2417 Cosmographia“;
829 2332 884 2398 ubi
906 2353 991 2397 nunc
1014 2331 1061 2396 sit·
1077 2330 1276 2417 ignoramus.

285 2540 336 2607 16.
387 2535 481 2602 cod.
507 2536 735 2605 Boxhornii
763 2521 858 2626 quem
886 2538 998 2605 laudat
1024 2540 1059 2603 in
1089 2536 1299 2626 ,Originibus

194 2642 416 2708 Americanis“
442 2639 604 2730 Georgius
625 2641 855 2728 Hornius²⁷⁹),
878 2643 935 2708 cfr.
957 2641 1012 2708 lib.
1028 2642 1099 2725 HI,
1129 2664 1200 2728 cap.
1217 2643 1296 2709 XV.

195 2769 271 2833 pag.
291 2747 367 2813 199:
399 2744 562 2827 „Ethicus
586 2744 847 2835 Cosmographus
875 2745 1039 2830 antiquus,
1066 2745 1208 2811 nondum
1231 2746 1298 2812 edi-

194 2858 262 2931 tus,
292 2848 382 2914 cuius
412 2851 666 2936 antiquissimum
694 2849 837 2916 codicem
863 2850 897 2913 in
922 2849 1114 2914 membranis
1141 2850 1297 2936 scriptum

196 2952 392 3018 bibliotheca
422 2952 471 3020 Ol.
493 2955 687 3036 Boxhornii,
717 2954 811 3018 amici
837 2954 937 3018 nostri
960 2953 1092 3037 summi,
1122 2956 1298 3022 communi-

196 3055 301 3122 cavit“
326 3065 387 3122 etc.

232 3214 237 3222 .
283 3159 352 3227 Ubi
372 3162 687 3251 lateat-ignoramus.

284 3373 334 3440 17.
391 3370 485 3437 God.
523 3369 879 3457 Cantabrigiensis
912 3370 969 3454 II,
1008 3371 1064 3438 18.
1102 3392 1185 3434 saec.
1215 3370 1296 3437 XV.

195 3476 456 3541 membranaceus
477 3474 511 3537 in
532 3473 619 3538 folio.
815 3540 818 3545 ,
1085 3460 1118 3490 'b

282 3579 387 3644 Inest:
414 3574 571 3659 ,Ethici
593 3573 1191 3664 philosophicosmographiat
1215 3575 1298 3644 Post

196 3683 301 3767 operis
323 3682 418 3744 finem
440 3680 493 3743 fol.
514 3679 601 3746 103¹.
626 3679 751 3745 adiecta
772 3686 845 3744 sunt
859 3678 955 3744 haec:
979 3676 1066 3762 ,Qui
1081 3678 1166 3745 hunc
1179 3681 1296 3748 librum

195 3785 289 3870 legit,
320 3783 479 3870 intelligat
505 3782 658 3847 Ethicum
685 3781 911 3868 philosophum
936 3804 1001 3846 non
1030 3785 1137 3849 omnia
1167 3784 1296 3869 dixisse,

198 3910 278 3972 quae
307 3887 361 3952 hic
390 3886 511 3971 scripta
538 3895 630 3979 sunt:¹
656 3884 712 3950 sed
733 3883 911 3948 Ieronimus
939 3885 994 3968 qui
1023 3909 1094 3952 eum
1123 3890 1295 3972 transtulit,

266 4118 335 4181 279)
356 4121 458 4185 Georgii
472 4121 562 4170 Homii
580 4118 628 4176 „de
647 4116 785 4178 originibus
798 4116 957 4168 Americanis
975 4121 1033 4170 libri
1051 4122 1183 4186 quatuor“.
1208 4124 1295 4186 Hagno

197 4206 304 4257 Comitis
325 4206 401 4258 1652.
429 4203 471 4256 8⁰.
498 4205 580 4268 Lugd
598 4204 685 4253 Batav.
705 4203 771 4265 typis
789 4203 901 4269 Philippi
919 4207 951 4256 de
970 4207 1046 4272 Croy.
