2752 4844
667 335 710 403 64

136 507 176 572 rii
202 508 314 594 primis
342 508 448 575 verbis
477 531 516 572 ox
546 506 722 594 archetypo
751 506 952 589 exciderant,
982 546 1023 554 -
1053 506 1140 592 quod
1164 517 1236 574 ante

136 612 298 678 saectdum
319 612 399 677 XV.
428 612 556 678 videtur
584 612 740 678 accidisse
769 650 811 659 —
837 609 897 676 hos
919 619 1042 697 septem
1063 611 1163 677 libros
1185 636 1235 678 or-

137 715 204 780 dini
232 715 371 781 secundo
399 716 638 803 assignavimus.
684 714 738 779 Ex
764 738 873 780 eorum
896 737 972 780 vero
994 738 1127 781 numero
1151 716 1236 801 prio

135 842 186 885 res
201 819 263 884 111.
283 842 381 903 quum
404 818 515 884 eadem
538 840 621 902 quae
636 816 797 904 Spirensis
819 816 922 882 codex
944 819 1065 903 scripta
1085 817 1236 903 habeant,

136 922 177 989 ab
204 922 275 988 aliis
303 931 439 1007 quatuor
466 921 658 1010 segregandi
686 929 775 1004 sunt,
803 921 858 1005 qui
887 922 1000 987 seriem
1027 922 1116 987 illam
1137 924 1237 1010 negli-

134 1034 247 1113 gentes
269 1034 302 1091 et
322 1050 407 1092 nova
429 1026 491 1091 alio
512 1026 601 1090 fonte
623 1023 738 1090 hausta
752 1022 887 1107 addunt,
908 1046 1050 1091 necnon
1064 1025 1128 1092 alia
1142 1027 1237 1111 plane

133 1130 401 1215 praetermittunt.

222 1233 368 1299 Tertiam
394 1233 531 1317 denique
554 1232 754 1298 constituunt
775 1232 909 1299 classem
930 1232 1004 1297 libri
1024 1233 1236 1319 manuscripti

134 1344 211 1420 tres,
233 1338 292 1421 qui'
311 1337 428 1403 amissa
448 1336 575 1401 iamiam
598 1335 719 1401 codicis
741 1334 902 1420 Spirensis
923 1344 1016 1422 parte
1038 1336 1139 1402 altera
1161 1358 1238 1402 con-

133 1440 211 1504 fecti
234 1449 322 1520 sunt3
344 1440 447 1524 iisque
470 1439 567 1504 alium
590 1439 735 1505 codicem
757 1437 930 1506 adiecimus
946 1441 1012 1524 qui,
1036 1440 1182 1525 quamvis
1197 1463 1236 1505 ex

135 1541 280 1629 Spirensi
300 1544 383 1609 libro
404 1566 468 1608 non
491 1551 620 1609 exortus
642 1542 807 1625 videatur,
833 1551 940 1608 tamen
969 1565 1042 1609 cum
1064 1544 1127 1608 alio
1149 1544 1237 1610 nullo

134 1648 271 1713 arctiore
294 1648 484 1734 cognatione
506 1655 556 1712 est
577 1647 775 1713 coniunctus.

222 1749 339 1817 Restat
366 1759 404 1815 ut
430 1773 535 1836 pauca
561 1749 729 1816 afferamus
751 1748 792 1814 de
815 1758 958 1835 tempore
981 1771 1045 1833 quo
1068 1759 1161 1818 vetus
1184 1753 1236 1819 ille

133 1854 215 1922 liber
236 1864 386 1921 exaratus
409 1855 459 1921 sit.
1180 1915 1182 1919 .

221 1957 268 2024 Et
288 1960 393 2046 primo
415 1958 545 2044 quidem
568 1968 691 2024 certum
719 1967 785 2041 est,
815 1958 974 2024 conscribi
997 1981 1070 2024 eum
1091 1982 1156 2024 non
1177 1985 1236 2047 po-

133 2063 232 2129 tuisse
253 2070 329 2128 ante
350 2085 467 2128 annum
482 2063 559 2145 825,
582 2085 680 2146 quum
701 2061 756 2125 illo
779 2083 862 2127 anno
877 2060 1025 2128 Dicuilus
1046 2085 1128 2148 opus
1143 2088 1235 2131 suum

132 2166 166 2230 in
187 2166 345 2232 Hibernia
367 2165 596 2251 composueritr
621 2163 736 2229 deinde
757 2188 834 2230 vero
857 2166 885 2230 si
907 2165 1051 2232 codicem
1071 2166 1236 2234 Dresden-

133 2292 216 2352 sem,
232 2269 286 2347 ¹de
315 2292 380 2355 quo
408 2269 492 2334 infra
520 2266 751 2353 disputabitur,
781 2291 821 2333 ex
847 2268 929 2334 libro
954 2278 1064 2336 nostro
1085 2271 1235 2338 haustum

133 2395 202 2438 esse
223 2372 395 2456 credimus,
417 2370 505 2436 haud
526 2392 602 2436 sane
626 2369 750 2436 decimo
773 2372 901 2437 saeculo
924 2383 1059 2467 exeunte
1077 2376 1236 2441 recentior

132 2477 203 2542 fuit.
249 2476 317 2544 Sed
337 2477 473 2541 fortasse
496 2474 617 2540 codicis
643 2482 782 2540 aetatem
805 2477 986 2561 accuratius
1007 2477 1138 2544 definire
1160 2502 1235 2565 pos·
1274 2514 1279 2523 ·

133 2602 251 2646 sumus.
298 2578 408 2662 Quum
437 2577 521 2642 enim
544 2587 693 2644 exaratus
715 2578 763 2645 sit
780 2577 941 2666 Spirensis
961 2580 1044 2647 liber
1065 2582 1107 2646 ad
1129 2606 1235 2648 exem-

132 2684 203 2769 plar
232 2682 379 2749 codicum
409 2681 464 2765 qui
491 2681 566 2746 fam.
587 2682 627 2747 B.
657 2682 833 2749 secundum
859 2683 1003 2749 ordinem
1026 2686 1235 2770 constituunt,

132 2786 167 2851 id
189 2784 276 2870 quod
298 2783 462 2852 evidenter
482 2784 735 2853 demonstratum
757 2794 817 2868 est,
843 2784 907 2850 duo
930 2794 1055 2851 tanturn
1075 2787 1148 2853 libri
1171 2789 1234 2855 hoc

132 2890 204 2954 loco
232 2888 428 2954 memorandi
458 2897 548 2973 sunt,
577 2889 765 2956 Parisiensis
794 2888 917 2952 scilicet
944 2888 1042 2958 4807.
1069 2913 1151 2957 saec.
1167 2893 1233 2959 IX.

132 3000 259 3057 exeunt.
283 3001 315 3058 et
337 2992 543 3060 Florentinus
564 2992 800 3060 Laurentianus
822 3011 906 3055 saec.
922 2990 967 3056 X.
1006 2991 1133 3057 Horum
1155 3018 1235 3061 vero

132 3097 213 3162 alter
239 3097 326 3162 nullo
354 3097 451 3164 modo
480 3121 554 3164 oum
583 3093 726 3182 Spirensi
756 3102 867 3160 nostro
895 3094 1022 3160 videtur
1051 3094 1234 3183 cohaerere,

133 3201 213 3266 alter
241 3201 369 3288 optime.
414 3200 501 3267 Nam
527 3197 732 3265 Florentinns
762 3196 865 3263 codex
892 3199 1025 3264 eandem
1046 3200 1112 3266 fere
1135 3210 1233 3287 atque

131 3312 239 3370 noster
268 3303 543 3393 Cosmographiae
570 3289 809 3386 inscriptionem
837 3301 952 3387 habet,
981 3303 1095 3368 deinde
1124 3313 1231 3370 autem

131 3408 268 3494 priorem
294 3418 418 3495 partem
447 3405 589 3470 continet
617 3400 777 3490 Spirensis
811 3405 894 3470 libri.
947 3404 1056 3486 Quare
1083 3408 1231 3491 equidem

131 3534 171 3577 ex
191 3512 410 3580 Laurentiano
433 3506 544 3574 codice
566 3507 762 3592 exscriptum
784 3508 882 3574 fuisse
903 3508 992 3574 illum
1014 3510 1231 3594 conficiemus,

129 3616 175 3682 ita
196 3625 234 3681 ut
253 3612 413 3702 Spirensis
440 3609 520 3679 liber
546 3611 673 3675 saeculo
704 3611 829 3677 decimo
858 3612 1019 3698 antiquior
1046 3635 1115 3680 esse
1143 3615 1231 3680 nullo

129 3719 226 3786 modo
248 3717 359 3804 possit.

216 3821 287 3885 Iam
316 3840 392 3884 vero
419 3816 461 3882 ad
490 3819 578 3905 ipsos
600 3818 694 3885 huius
716 3819 854 3887 familiae
876 3823 1110 3908 manuscriptos
1131 3819 1232 3887 libros

58 4002 61 4008 Ι
129 3935 335 3991 transeamus.
