<?xml version="1.0" encoding="UTF-8"?>
<!DOCTYPE html PUBLIC "-//W3C//DTD XHTML 1.0 Transitional//EN"
    "http://www.w3.org/TR/xhtml1/DTD/xhtml1-transitional.dtd">
<html xmlns="http://www.w3.org/1999/xhtml" xml:lang="en" lang="en">
 <head>
  <title>
</title>
<meta http-equiv="Content-Type" content="text/html;charset=utf-8" />
  <meta name='ocr-system' content='tesseract 3.04.00' />
  <meta name='ocr-capabilities' content='ocr_page ocr_carea ocr_par ocr_line ocrx_word'/>
</head>
<body>
  <div class='ocr_page' id='page_1' title='image "./decosmographiae00pertgoog_0054.png"; bbox 0 0 2752 4844; ppageno 0'>
   <div class='ocr_carea' id='block_1_1' title="bbox 666 412 708 480">
    <p class='ocr_par' dir='ltr' id='par_1_1' title="bbox 666 412 708 480">
     <span class='ocr_line' id='line_1_1' title="bbox 666 412 708 480; baseline 0 0"><span class='ocrx_word' id='word_1_1' title='bbox 666 412 708 480; x_wconf 74' lang='lat'>43</span> 
     </span>
    </p>
   </div>
   <div class='ocr_carea' id='block_1_2' title="bbox 111 576 1246 3644">
    <p class='ocr_par' dir='ltr' id='par_1_2' title="bbox 133 576 1240 1080">
     <span class='ocr_line' id='line_1_2' title="bbox 134 576 1239 670; baseline -0.001 -19"><span class='ocrx_word' id='word_1_2' title='bbox 134 585 224 651; x_wconf 86' lang='lat' dir='ltr'>illam</span> <span class='ocrx_word' id='word_1_3' title='bbox 252 582 364 650; x_wconf 93' lang='lat' dir='ltr'>mundi</span> <span class='ocrx_word' id='word_1_4' title='bbox 390 583 637 670; x_wconf 78' lang='lat' dir='ltr'>descriptionem</span> <span class='ocrx_word' id='word_1_5' title='bbox 660 586 866 651; x_wconf 86' lang='lat' dir='ltr'>coniunctum</span> <span class='ocrx_word' id='word_1_6' title='bbox 888 576 985 651; x_wconf 75' lang='lat' dir='ltr'>fui&#39;sse</span> <span class='ocrx_word' id='word_1_7' title='bbox 1008 608 1081 651; x_wconf 91' lang='lat' dir='ltr'>cum</span> <span class='ocrx_word' id='word_1_8' title='bbox 1104 583 1239 650; x_wconf 83' lang='lat' dir='ltr'>Oosmo-</span> 
     </span>
     <span class='ocr_line' id='line_1_3' title="bbox 133 686 1239 778; baseline -0.001 -23"><span class='ocrx_word' id='word_1_9' title='bbox 133 688 272 778; x_wconf 86' lang='lat' dir='ltr'>graphia</span> <span class='ocrx_word' id='word_1_10' title='bbox 294 686 497 755; x_wconf 85' lang='lat' dir='ltr'>statuendum</span> <span class='ocrx_word' id='word_1_11' title='bbox 520 688 595 754; x_wconf 85' lang='lat' dir='ltr'>erit:</span> <span class='ocrx_word' id='word_1_12' title='bbox 626 687 698 771; x_wconf 87' lang='lat' dir='ltr'>quis</span> <span class='ocrx_word' id='word_1_13' title='bbox 727 696 777 753; x_wconf 87' lang='lat' dir='ltr'>est</span> <span class='ocrx_word' id='word_1_14' title='bbox 798 710 892 772; x_wconf 90' lang='lat' dir='ltr'>quem</span> <span class='ocrx_word' id='word_1_15' title='bbox 914 689 1018 777; x_wconf 81' lang='lat' dir='ltr'>fugiat</span> <span class='ocrx_word' id='word_1_16' title='bbox 1039 713 1079 754; x_wconf 92' lang='lat' dir='ltr'>ex</span> <span class='ocrx_word' id='word_1_17' title='bbox 1101 712 1239 773; x_wconf 89' lang='lat' dir='ltr'>quonam</span> 
     </span>
     <span class='ocr_line' id='line_1_4' title="bbox 134 788 1240 877; baseline 0.001 -20"><span class='ocrx_word' id='word_1_18' title='bbox 134 792 225 858; x_wconf 86' lang='lat' dir='ltr'>fonte</span> <span class='ocrx_word' id='word_1_19' title='bbox 244 791 343 856; x_wconf 82' lang='lat' dir='ltr'>tertia</span> <span class='ocrx_word' id='word_1_20' title='bbox 358 788 645 857; x_wconf 86' lang='lat' dir='ltr'>Pseudo-Aethici</span> <span class='ocrx_word' id='word_1_21' title='bbox 666 793 811 856; x_wconf 86' lang='lat' dir='ltr'>recensio</span> <span class='ocrx_word' id='word_1_22' title='bbox 832 798 909 856; x_wconf 88' lang='lat' dir='ltr'>nata</span> <span class='ocrx_word' id='word_1_23' title='bbox 932 791 995 857; x_wconf 80' lang='lat' dir='ltr'>sit?</span> <span class='ocrx_word' id='word_1_24' title='bbox 1018 813 1115 877; x_wconf 90' lang='lat' dir='ltr'>quum</span> <span class='ocrx_word' id='word_1_25' title='bbox 1138 792 1240 858; x_wconf 86' lang='lat' dir='ltr'>altera</span> 
     </span>
     <span class='ocr_line' id='line_1_5' title="bbox 135 891 1239 982; baseline -0.001 -21"><span class='ocrx_word' id='word_1_26' title='bbox 135 918 178 961; x_wconf 90' lang='lat' dir='ltr'>ex</span> <span class='ocrx_word' id='word_1_27' title='bbox 205 901 298 980; x_wconf 88' lang='lat' dir='ltr'>parte</span> <span class='ocrx_word' id='word_1_28' title='bbox 324 915 398 958; x_wconf 89' lang='lat' dir='ltr'>cum</span> <span class='ocrx_word' id='word_1_29' title='bbox 420 894 562 959; x_wconf 88' lang='lat' dir='ltr'>secunda</span> <span class='ocrx_word' id='word_1_30' title='bbox 583 891 858 982; x_wconf 78' lang='lat' dir='ltr'>cosmographiae</span> <span class='ocrx_word' id='word_1_31' title='bbox 880 893 1019 960; x_wconf 83' lang='lat' dir='ltr'>editione</span> <span class='ocrx_word' id='word_1_32' title='bbox 1040 895 1163 961; x_wconf 83' lang='lat' dir='ltr'>Diouiii</span> <span class='ocrx_word' id='word_1_33' title='bbox 1185 917 1239 960; x_wconf 89' lang='lat' dir='ltr'>eo·</span> 
     </span>
     <span class='ocr_line' id='line_1_6' title="bbox 136 996 951 1080; baseline -0.001 -16"><span class='ocrx_word' id='word_1_34' title='bbox 136 998 201 1064; x_wconf 85' lang='lat' dir='ltr'>dex</span> <span class='ocrx_word' id='word_1_35' title='bbox 223 996 414 1080; x_wconf 88' lang='lat' dir='ltr'>consentiat,</span> <span class='ocrx_word' id='word_1_36' title='bbox 437 1018 510 1062; x_wconf 90' lang='lat' dir='ltr'>cnm</span> <span class='ocrx_word' id='word_1_37' title='bbox 531 997 629 1063; x_wconf 88' lang='lat' dir='ltr'>tertia</span> <span class='ocrx_word' id='word_1_38' title='bbox 650 1006 757 1063; x_wconf 85' lang='lat' dir='ltr'>autem</span> <span class='ocrx_word' id='word_1_39' title='bbox 779 1021 819 1064; x_wconf 87' lang='lat' dir='ltr'>ex</span> <span class='ocrx_word' id='word_1_40' title='bbox 841 999 951 1064; x_wconf 86' lang='lat' dir='ltr'>altera.</span> 
     </span>
    </p>

    <p class='ocr_par' dir='ltr' id='par_1_3' title="bbox 111 1099 1246 3644">
     <span class='ocr_line' id='line_1_7' title="bbox 224 1099 1240 1189; baseline -0.001 -23"><span class='ocrx_word' id='word_1_41' title='bbox 224 1100 340 1185; x_wconf 90' lang='lat' dir='ltr'>Neque</span> <span class='ocrx_word' id='word_1_42' title='bbox 368 1108 476 1166; x_wconf 86' lang='lat' dir='ltr'>tamen</span> <span class='ocrx_word' id='word_1_43' title='bbox 504 1099 568 1166; x_wconf 92' lang='lat' dir='ltr'>hoc</span> <span class='ocrx_word' id='word_1_44' title='bbox 595 1101 669 1166; x_wconf 89' lang='lat' dir='ltr'>loco</span> <span class='ocrx_word' id='word_1_45' title='bbox 695 1102 802 1167; x_wconf 89' lang='lat' dir='ltr'>omnia</span> <span class='ocrx_word' id='word_1_46' title='bbox 829 1103 862 1167; x_wconf 90' lang='lat' dir='ltr'>in</span> <span class='ocrx_word' id='word_1_47' title='bbox 892 1111 1004 1189; x_wconf 88' lang='lat' dir='ltr'>aperto</span> <span class='ocrx_word' id='word_1_48' title='bbox 1026 1109 1110 1168; x_wconf 89' lang='lat' dir='ltr'>sunt.</span> <span class='ocrx_word' id='word_1_49' title='bbox 1132 1099 1240 1166; x_wconf 84' lang='lat' dir='ltr'>&#39;Nam</span> 
     </span>
     <span class='ocr_line' id='line_1_8' title="bbox 135 1201 1241 1291; baseline -0.001 -21"><span class='ocrx_word' id='word_1_50' title='bbox 135 1203 259 1270; x_wconf 87' lang='lat' dir='ltr'>insulae</span> <span class='ocrx_word' id='word_1_51' title='bbox 275 1201 455 1289; x_wconf 79' lang='lat' dir='ltr'>Sardiniae,</span> <span class='ocrx_word' id='word_1_52' title='bbox 479 1201 693 1288; x_wconf 85' lang='lat' dir='ltr'>Corsicaeque</span> <span class='ocrx_word' id='word_1_53' title='bbox 715 1204 973 1291; x_wconf 82' lang='lat' dir='ltr'>descriptionem,</span> <span class='ocrx_word' id='word_1_54' title='bbox 996 1227 1092 1290; x_wconf 91' lang='lat' dir='ltr'>quam</span> <span class='ocrx_word' id='word_1_55' title='bbox 1110 1213 1143 1270; x_wconf 93' lang='lat' dir='ltr'>et</span> <span class='ocrx_word' id='word_1_56' title='bbox 1158 1202 1241 1269; x_wconf 88' lang='lat' dir='ltr'>Oro·</span> 
     </span>
     <span class='ocr_line' id='line_1_9' title="bbox 136 1305 1241 1392; baseline -0.003 -18"><span class='ocrx_word' id='word_1_57' title='bbox 136 1309 205 1374; x_wconf 88' lang='lat' dir='ltr'>sius</span> <span class='ocrx_word' id='word_1_58' title='bbox 227 1305 358 1371; x_wconf 77' lang='lat' dir='ltr'>exhibet</span> <span class='ocrx_word' id='word_1_59' title='bbox 379 1315 413 1372; x_wconf 89' lang='lat' dir='ltr'>et</span> <span class='ocrx_word' id='word_1_60' title='bbox 435 1329 546 1373; x_wconf 89' lang='lat' dir='ltr'>omnes</span> <span class='ocrx_word' id='word_1_61' title='bbox 567 1308 682 1373; x_wconf 89' lang='lat' dir='ltr'>tertiae</span> <span class='ocrx_word' id='word_1_62' title='bbox 703 1308 897 1374; x_wconf 80' lang='lat' dir='ltr'>recensionis</span> <span class='ocrx_word' id='word_1_63' title='bbox 919 1307 1064 1392; x_wconf 89' lang='lat' dir='ltr'>codices,</span> <span class='ocrx_word' id='word_1_64' title='bbox 1087 1330 1158 1372; x_wconf 90' lang='lat' dir='ltr'>eam</span> <span class='ocrx_word' id='word_1_65' title='bbox 1179 1307 1241 1371; x_wconf 92' lang='lat' dir='ltr'>Di-</span> 
     </span>
     <span class='ocr_line' id='line_1_10' title="bbox 137 1409 1241 1498; baseline -0.001 -23"><span class='ocrx_word' id='word_1_66' title='bbox 137 1410 241 1475; x_wconf 89' lang='lat' dir='ltr'>ouilus</span> <span class='ocrx_word' id='word_1_67' title='bbox 269 1418 394 1493; x_wconf 87' lang='lat' dir='ltr'>noster,</span> <span class='ocrx_word' id='word_1_68' title='bbox 421 1422 460 1475; x_wconf 88' lang='lat' dir='ltr'>ut</span> <span class='ocrx_word' id='word_1_69' title='bbox 489 1433 529 1475; x_wconf 92' lang='lat' dir='ltr'>ex</span> <span class='ocrx_word' id='word_1_70' title='bbox 557 1409 664 1476; x_wconf 88' lang='lat' dir='ltr'>verbis</span> <span class='ocrx_word' id='word_1_71' title='bbox 686 1410 753 1477; x_wconf 90' lang='lat' dir='ltr'>eius</span> <span class='ocrx_word' id='word_1_72' title='bbox 776 1418 910 1498; x_wconf 86' lang='lat' dir='ltr'>apparet</span> <span class='ocrx_word' id='word_1_73' title='bbox 924 1411 996 1494; x_wconf 76' lang='lat'>¹⁶⁵),</span> <span class='ocrx_word' id='word_1_74' title='bbox 1025 1410 1058 1475; x_wconf 93' lang='lat' dir='ltr'>in</span> <span class='ocrx_word' id='word_1_75' title='bbox 1080 1433 1139 1476; x_wconf 89' lang='lat' dir='ltr'>suo</span> <span class='ocrx_word' id='word_1_76' title='bbox 1159 1410 1241 1476; x_wconf 92' lang='lat' dir='ltr'>libro</span> 
     </span>
     <span class='ocr_line' id='line_1_11' title="bbox 138 1501 1242 1601; baseline 0.002 -25"><span class='ocrx_word' id='word_1_77' title='bbox 138 1534 204 1578; x_wconf 92' lang='lat' dir='ltr'>non</span> <span class='ocrx_word' id='word_1_78' title='bbox 223 1522 386 1599; x_wconf 84' lang='lat' dir='ltr'>repertam</span> <span class='ocrx_word' id='word_1_79' title='bbox 408 1535 450 1578; x_wconf 91' lang='lat' dir='ltr'>ex</span> <span class='ocrx_word' id='word_1_80' title='bbox 467 1510 585 1578; x_wconf 90' lang='lat' dir='ltr'>Orosio</span> <span class='ocrx_word' id='word_1_81' title='bbox 607 1514 722 1580; x_wconf 83' lang='lat' dir='ltr'>hausit.</span> <span class='ocrx_word' id='word_1_82' title='bbox 757 1512 848 1596; x_wconf 84' lang='lat' dir='ltr'>Quid</span> <span class='ocrx_word' id='word_1_83' title='bbox 866 1501 995 1601; x_wconf 80' lang='lat' dir='ltr'>igitur?¹</span> <span class='ocrx_word' id='word_1_84' title='bbox 1009 1536 1049 1579; x_wconf 86' lang='lat' dir='ltr'>an</span> <span class='ocrx_word' id='word_1_85' title='bbox 1072 1512 1242 1579; x_wconf 90' lang='lat' dir='ltr'>dicendum</span> 
     </span>
     <span class='ocr_line' id='line_1_12' title="bbox 137 1614 1242 1705; baseline 0 -23"><span class='ocrx_word' id='word_1_86' title='bbox 137 1625 204 1699; x_wconf 86' lang='lat' dir='ltr'>est,</span> <span class='ocrx_word' id='word_1_87' title='bbox 233 1638 298 1681; x_wconf 92' lang='lat' dir='ltr'>non</span> <span class='ocrx_word' id='word_1_88' title='bbox 320 1639 446 1682; x_wconf 90' lang='lat' dir='ltr'>omnem</span> <span class='ocrx_word' id='word_1_89' title='bbox 470 1614 579 1682; x_wconf 87' lang='lat' dir='ltr'>Orosii</span> <span class='ocrx_word' id='word_1_90' title='bbox 603 1616 850 1705; x_wconf 82' lang='lat' dir='ltr'>geographiam,</span> <span class='ocrx_word' id='word_1_91' title='bbox 874 1616 932 1682; x_wconf 89' lang='lat' dir='ltr'>sed</span> <span class='ocrx_word' id='word_1_92' title='bbox 954 1640 1027 1683; x_wconf 90' lang='lat' dir='ltr'>sum</span> <span class='ocrx_word' id='word_1_93' title='bbox 1049 1625 1174 1682; x_wconf 90' lang='lat' dir='ltr'>tantum</span> <span class='ocrx_word' id='word_1_94' title='bbox 1195 1617 1242 1682; x_wconf 91' lang='lat' dir='ltr'>lo-</span> 
     </span>
     <span class='ocr_line' id='line_1_13' title="bbox 137 1718 1243 1809; baseline 0.001 -25"><span class='ocrx_word' id='word_1_95' title='bbox 137 1741 212 1784; x_wconf 83' lang='lat' dir='ltr'>cum</span> <span class='ocrx_word' id='word_1_96' title='bbox 234 1719 357 1785; x_wconf 88' lang='lat' dir='ltr'>Dicuili</span> <span class='ocrx_word' id='word_1_97' title='bbox 379 1720 484 1786; x_wconf 88' lang='lat' dir='ltr'>codici</span> <span class='ocrx_word' id='word_1_98' title='bbox 506 1719 667 1786; x_wconf 88' lang='lat' dir='ltr'>adiectum</span> <span class='ocrx_word' id='word_1_99' title='bbox 688 1720 798 1805; x_wconf 80' lang='lat' dir='ltr'>tuisse,</span> <span class='ocrx_word' id='word_1_100' title='bbox 821 1720 875 1806; x_wconf 90' lang='lat' dir='ltr'>qui</span> <span class='ocrx_word' id='word_1_101' title='bbox 893 1720 933 1786; x_wconf 91' lang='lat' dir='ltr'>de</span> <span class='ocrx_word' id='word_1_102' title='bbox 952 1718 1063 1809; x_wconf 83' lang='lat' dir='ltr'>Cypro</span> <span class='ocrx_word' id='word_1_103' title='bbox 1084 1721 1189 1786; x_wconf 87' lang='lat' dir='ltr'>insula</span> <span class='ocrx_word' id='word_1_104' title='bbox 1210 1730 1243 1787; x_wconf 90' lang='lat' dir='ltr'>et</span> 
     </span>
     <span class='ocr_line' id='line_1_14' title="bbox 139 1819 1243 1908; baseline 0.003 -22"><span class='ocrx_word' id='word_1_105' title='bbox 139 1819 241 1886; x_wconf 87' lang='lat' dir='ltr'>Creta</span> <span class='ocrx_word' id='word_1_106' title='bbox 263 1821 352 1908; x_wconf 73' lang='lat' dir='ltr'>agit?</span> <span class='ocrx_word' id='word_1_107' title='bbox 388 1821 488 1886; x_wconf 88' lang='lat' dir='ltr'>Nulla</span> <span class='ocrx_word' id='word_1_108' title='bbox 509 1833 596 1888; x_wconf 88' lang='lat' dir='ltr'>certe</span> <span class='ocrx_word' id='word_1_109' title='bbox 619 1846 716 1890; x_wconf 80' lang='lat' dir='ltr'>carisa</span> <span class='ocrx_word' id='word_1_110' title='bbox 737 1833 798 1908; x_wconf 88' lang='lat' dir='ltr'>eat,</span> <span class='ocrx_word' id='word_1_111' title='bbox 821 1846 878 1889; x_wconf 89' lang='lat' dir='ltr'>cur</span> <span class='ocrx_word' id='word_1_112' title='bbox 899 1832 1077 1890; x_wconf 86' lang='lat' dir='ltr'>statuamus</span> <span class='ocrx_word' id='word_1_113' title='bbox 1099 1823 1243 1889; x_wconf 88' lang='lat' dir='ltr'>codicem</span> 
     </span>
     <span class='ocr_line' id='line_1_15' title="bbox 139 1924 1243 2010; baseline 0.005 -24"><span class='ocrx_word' id='word_1_114' title='bbox 139 1924 231 1987; x_wconf 93' lang='lat' dir='ltr'>illum</span> <span class='ocrx_word' id='word_1_115' title='bbox 258 1925 318 1988; x_wconf 84' lang='lat' dir='ltr'>eas</span> <span class='ocrx_word' id='word_1_116' title='bbox 341 1931 451 2008; x_wconf 85' lang='lat' dir='ltr'>partes</span> <span class='ocrx_word' id='word_1_117' title='bbox 479 1924 661 1991; x_wconf 86' lang='lat' dir='ltr'>exhibuisse</span> <span class='ocrx_word' id='word_1_118' title='bbox 690 1948 772 2009; x_wconf 85' lang='lat' dir='ltr'>quae</span> <span class='ocrx_word' id='word_1_119' title='bbox 793 1927 827 1990; x_wconf 91' lang='lat' dir='ltr'>in</span> <span class='ocrx_word' id='word_1_120' title='bbox 850 1924 959 1992; x_wconf 88' lang='lat' dir='ltr'>Orosii</span> <span class='ocrx_word' id='word_1_121' title='bbox 979 1926 1061 1991; x_wconf 89' lang='lat' dir='ltr'>libro</span> <span class='ocrx_word' id='word_1_122' title='bbox 1083 1949 1183 2010; x_wconf 86' lang='lat' dir='ltr'>aeque</span> <span class='ocrx_word' id='word_1_123' title='bbox 1205 1947 1243 1992; x_wconf 89' lang='lat' dir='ltr'>ac</span> 
     </span>
     <span class='ocr_line' id='line_1_16' title="bbox 140 2027 1242 2112; baseline 0.005 -22"><span class='ocrx_word' id='word_1_124' title='bbox 140 2028 176 2090; x_wconf 93' lang='lat' dir='ltr'>in</span> <span class='ocrx_word' id='word_1_125' title='bbox 197 2027 311 2092; x_wconf 86' lang='lat' dir='ltr'>tertiae</span> <span class='ocrx_word' id='word_1_126' title='bbox 333 2027 527 2093; x_wconf 86' lang='lat' dir='ltr'>recensionis</span> <span class='ocrx_word' id='word_1_127' title='bbox 548 2027 774 2112; x_wconf 82' lang='lat' dir='ltr'>manuscriptis</span> <span class='ocrx_word' id='word_1_128' title='bbox 797 2027 996 2112; x_wconf 85' lang='lat' dir='ltr'>„Insulamm</span> <span class='ocrx_word' id='word_1_129' title='bbox 1011 2029 1111 2094; x_wconf 88' lang='lat' dir='ltr'>nostri</span> <span class='ocrx_word' id='word_1_130' title='bbox 1125 2030 1242 2095; x_wconf 79' lang='lat' dir='ltr'>maris“</span> 
     </span>
     <span class='ocr_line' id='line_1_17' title="bbox 139 2129 1244 2215; baseline 0.004 -21"><span class='ocrx_word' id='word_1_131' title='bbox 139 2129 388 2215; x_wconf 87' lang='lat' dir='ltr'>descriptionem</span> <span class='ocrx_word' id='word_1_132' title='bbox 410 2129 620 2211; x_wconf 85' lang='lat' dir='ltr'>antecedunt3</span> <span class='ocrx_word' id='word_1_133' title='bbox 643 2153 718 2196; x_wconf 86' lang='lat' dir='ltr'>nam</span> <span class='ocrx_word' id='word_1_134' title='bbox 740 2153 823 2215; x_wconf 88' lang='lat' dir='ltr'>quae</span> <span class='ocrx_word' id='word_1_135' title='bbox 845 2131 886 2198; x_wconf 92' lang='lat' dir='ltr'>de</span> <span class='ocrx_word' id='word_1_136' title='bbox 907 2131 1087 2200; x_wconf 85' lang='lat' dir='ltr'>Salinarum</span> <span class='ocrx_word' id='word_1_137' title='bbox 1109 2133 1182 2198; x_wconf 88' lang='lat' dir='ltr'>laen</span> <span class='ocrx_word' id='word_1_138' title='bbox 1203 2155 1244 2197; x_wconf 86' lang='lat' dir='ltr'>ex</span> 
     </span>
     <span class='ocr_line' id='line_1_18' title="bbox 140 2230 1245 2321; baseline 0.002 -24"><span class='ocrx_word' id='word_1_139' title='bbox 140 2230 398 2320; x_wconf 76' lang='lat' dir='ltr'>cosmographia</span> <span class='ocrx_word' id='word_1_140' title='bbox 425 2234 548 2320; x_wconf 86' lang='lat' dir='ltr'>profert</span> <span class='ocrx_word' id='word_1_141' title='bbox 577 2241 689 2299; x_wconf 87' lang='lat' dir='ltr'>auctor</span> <span class='ocrx_word' id='word_1_142' title='bbox 713 2243 823 2300; x_wconf 88' lang='lat' dir='ltr'>noster</span> <span class='ocrx_word' id='word_1_143' title='bbox 835 2236 915 2318; x_wconf 73' lang='grc'>166),</span> <span class='ocrx_word' id='word_1_144' title='bbox 944 2258 983 2301; x_wconf 88' lang='lat' dir='ltr'>ea</span> <span class='ocrx_word' id='word_1_145' title='bbox 1004 2258 1102 2320; x_wconf 91' lang='lat' dir='ltr'>quum</span> <span class='ocrx_word' id='word_1_146' title='bbox 1123 2236 1157 2299; x_wconf 93' lang='lat' dir='ltr'>in</span> <span class='ocrx_word' id='word_1_147' title='bbox 1178 2235 1245 2321; x_wconf 91' lang='lat' dir='ltr'>pri·</span> 
     </span>
     <span class='ocr_line' id='line_1_19' title="bbox 139 2335 1244 2421; baseline 0 -18"><span class='ocrx_word' id='word_1_148' title='bbox 139 2358 213 2403; x_wconf 87' lang='lat' dir='ltr'>mae</span> <span class='ocrx_word' id='word_1_149' title='bbox 234 2346 268 2401; x_wconf 88' lang='lat' dir='ltr'>et</span> <span class='ocrx_word' id='word_1_150' title='bbox 288 2335 448 2402; x_wconf 88' lang='lat' dir='ltr'>secundae</span> <span class='ocrx_word' id='word_1_151' title='bbox 470 2337 620 2403; x_wconf 89' lang='lat' dir='ltr'>editionis</span> <span class='ocrx_word' id='word_1_152' title='bbox 640 2336 741 2421; x_wconf 92' lang='lat' dir='ltr'>libris,</span> <span class='ocrx_word' id='word_1_153' title='bbox 763 2346 833 2402; x_wconf 89' lang='lat' dir='ltr'>tum</span> <span class='ocrx_word' id='word_1_154' title='bbox 855 2340 952 2405; x_wconf 87' lang='lat' dir='ltr'>etiam</span> <span class='ocrx_word' id='word_1_155' title='bbox 976 2339 1197 2405; x_wconf 87' lang='lat' dir='ltr'>desiderantur</span> <span class='ocrx_word' id='word_1_156' title='bbox 1210 2340 1244 2403; x_wconf 92' lang='lat' dir='ltr'>in</span> 
     </span>
     <span class='ocr_line' id='line_1_20' title="bbox 139 2439 1244 2527; baseline 0.004 -24"><span class='ocrx_word' id='word_1_157' title='bbox 139 2440 255 2504; x_wconf 86' lang='lat' dir='ltr'>tertiae</span> <span class='ocrx_word' id='word_1_158' title='bbox 282 2441 476 2507; x_wconf 85' lang='lat' dir='ltr'>recensionis</span> <span class='ocrx_word' id='word_1_159' title='bbox 499 2441 734 2525; x_wconf 88' lang='lat' dir='ltr'>manuscriptis</span> <span class='ocrx_word' id='word_1_160' title='bbox 765 2448 798 2505; x_wconf 90' lang='lat' dir='ltr'>et</span> <span class='ocrx_word' id='word_1_161' title='bbox 826 2439 959 2507; x_wconf 85' lang='lat' dir='ltr'>Orosio:</span> <span class='ocrx_word' id='word_1_162' title='bbox 995 2444 1050 2527; x_wconf 92' lang='lat' dir='ltr'>qui</span> <span class='ocrx_word' id='word_1_163' title='bbox 1076 2443 1155 2507; x_wconf 92' lang='lat' dir='ltr'>nihil</span> <span class='ocrx_word' id='word_1_164' title='bbox 1182 2443 1244 2507; x_wconf 91' lang='lat' dir='ltr'>nisi</span> 
     </span>
     <span class='ocr_line' id='line_1_21' title="bbox 140 2541 1245 2631; baseline 0.002 -25"><span class='ocrx_word' id='word_1_165' title='bbox 140 2566 256 2608; x_wconf 92' lang='lat' dir='ltr'>nomen</span> <span class='ocrx_word' id='word_1_166' title='bbox 284 2543 389 2628; x_wconf 90' lang='lat' dir='ltr'>ipsum</span> <span class='ocrx_word' id='word_1_167' title='bbox 417 2545 625 2609; x_wconf 77' lang='lat' dir='ltr'>retinuerrmt</span> <span class='ocrx_word' id='word_1_168' title='bbox 678 2541 806 2625; x_wconf 84' lang='lat' dir='ltr'>Quibus</span> <span class='ocrx_word' id='word_1_169' title='bbox 833 2545 940 2610; x_wconf 84' lang='lat' dir='ltr'>causis</span> <span class='ocrx_word' id='word_1_170' title='bbox 966 2553 1131 2631; x_wconf 89' lang='lat' dir='ltr'>permotus</span> <span class='ocrx_word' id='word_1_171' title='bbox 1156 2545 1245 2629; x_wconf 90' lang='lat' dir='ltr'>equi-</span> 
     </span>
     <span class='ocr_line' id='line_1_22' title="bbox 111 2645 1246 2742; baseline 0 -31"><span class='ocrx_word' id='word_1_172' title='bbox 111 2731 118 2742; x_wconf 35' lang='grc' dir='ltr'><em>Ι</em></span> <span class='ocrx_word' id='word_1_173' title='bbox 141 2645 217 2711; x_wconf 92' lang='lat' dir='ltr'>dem</span> <span class='ocrx_word' id='word_1_174' title='bbox 245 2647 424 2731; x_wconf 87' lang='lat' dir='ltr'>putaverim</span> <span class='ocrx_word' id='word_1_175' title='bbox 452 2649 559 2715; x_wconf 91' lang='lat' dir='ltr'>locum</span> <span class='ocrx_word' id='word_1_176' title='bbox 586 2647 684 2712; x_wconf 89' lang='lat' dir='ltr'>istum</span> <span class='ocrx_word' id='word_1_177' title='bbox 707 2645 747 2711; x_wconf 92' lang='lat' dir='ltr'>de</span> <span class='ocrx_word' id='word_1_178' title='bbox 770 2645 951 2713; x_wconf 84' lang='lat' dir='ltr'>Salinamm</span> <span class='ocrx_word' id='word_1_179' title='bbox 973 2649 1046 2713; x_wconf 84' lang='lat' dir='ltr'>lacu</span> <span class='ocrx_word' id='word_1_180' title='bbox 1068 2671 1162 2732; x_wconf 92' lang='lat' dir='ltr'>quem</span> <span class='ocrx_word' id='word_1_181' title='bbox 1184 2648 1246 2711; x_wconf 91' lang='lat' dir='ltr'>Di-</span> 
     </span>
     <span class='ocr_line' id='line_1_23' title="bbox 141 2748 1245 2837; baseline 0 -23"><span class='ocrx_word' id='word_1_182' title='bbox 141 2750 219 2815; x_wconf 88' lang='lat' dir='ltr'>ouili</span> <span class='ocrx_word' id='word_1_183' title='bbox 239 2748 343 2814; x_wconf 88' lang='lat' dir='ltr'>codex</span> <span class='ocrx_word' id='word_1_184' title='bbox 365 2750 505 2835; x_wconf 85' lang='lat' dir='ltr'>exhibet,</span> <span class='ocrx_word' id='word_1_185' title='bbox 526 2759 566 2816; x_wconf 89' lang='lat' dir='ltr'>ut</span> <span class='ocrx_word' id='word_1_186' title='bbox 587 2751 650 2815; x_wconf 85' lang='lat' dir='ltr'>alia</span> <span class='ocrx_word' id='word_1_187' title='bbox 669 2751 781 2833; x_wconf 82' lang='lat' dir='ltr'>multa,</span> <span class='ocrx_word' id='word_1_188' title='bbox 805 2773 882 2816; x_wconf 86' lang='lat' dir='ltr'>casu</span> <span class='ocrx_word' id='word_1_189' title='bbox 903 2752 1043 2837; x_wconf 91' lang='lat' dir='ltr'>quodam</span> <span class='ocrx_word' id='word_1_190' title='bbox 1066 2773 1106 2816; x_wconf 88' lang='lat' dir='ltr'>ex</span> <span class='ocrx_word' id='word_1_191' title='bbox 1126 2751 1245 2816; x_wconf 85' lang='lat' dir='ltr'>nostris</span> 
     </span>
     <span class='ocr_line' id='line_1_24' title="bbox 140 2852 1244 2939; baseline 0.001 -22"><span class='ocrx_word' id='word_1_192' title='bbox 140 2853 231 2918; x_wconf 90' lang='lat' dir='ltr'>libris</span> <span class='ocrx_word' id='word_1_193' title='bbox 253 2852 425 2935; x_wconf 84' lang='lat' dir='ltr'>excidisse3</span> <span class='ocrx_word' id='word_1_194' title='bbox 449 2877 514 2939; x_wconf 87' lang='lat' dir='ltr'>qua</span> <span class='ocrx_word' id='word_1_195' title='bbox 534 2855 569 2917; x_wconf 92' lang='lat' dir='ltr'>in</span> <span class='ocrx_word' id='word_1_196' title='bbox 589 2876 625 2918; x_wconf 91' lang='lat' dir='ltr'>re</span> <span class='ocrx_word' id='word_1_197' title='bbox 646 2853 820 2920; x_wconf 82' lang='lat' dir='ltr'>videndum</span> <span class='ocrx_word' id='word_1_198' title='bbox 842 2855 913 2939; x_wconf 90' lang='lat' dir='ltr'>erit,</span> <span class='ocrx_word' id='word_1_199' title='bbox 934 2878 1012 2920; x_wconf 92' lang='lat' dir='ltr'>num</span> <span class='ocrx_word' id='word_1_200' title='bbox 1033 2855 1067 2919; x_wconf 92' lang='lat' dir='ltr'>in</span> <span class='ocrx_word' id='word_1_201' title='bbox 1084 2854 1125 2919; x_wconf 88' lang='lat' dir='ltr'>iis</span> <span class='ocrx_word' id='word_1_202' title='bbox 1141 2855 1244 2920; x_wconf 87' lang='lat' dir='ltr'>solum</span> 
     </span>
     <span class='ocr_line' id='line_1_25' title="bbox 140 2954 1245 3045; baseline 0.001 -25"><span class='ocrx_word' id='word_1_203' title='bbox 140 2956 255 3021; x_wconf 83' lang='lat' dir='ltr'>vitium</span> <span class='ocrx_word' id='word_1_204' title='bbox 276 2954 356 3020; x_wconf 80' lang='lat' dir='ltr'>illud</span> <span class='ocrx_word' id='word_1_205' title='bbox 376 2959 555 3043; x_wconf 89' lang='lat' dir='ltr'>reperiatur</span> <span class='ocrx_word' id='word_1_206' title='bbox 576 2957 631 3041; x_wconf 91' lang='lat' dir='ltr'>qui</span> <span class='ocrx_word' id='word_1_207' title='bbox 654 2956 697 3022; x_wconf 82' lang='lat' dir='ltr'>ad</span> <span class='ocrx_word' id='word_1_208' title='bbox 717 2959 871 3023; x_wconf 82' lang='lat' dir='ltr'>familiam</span> <span class='ocrx_word' id='word_1_209' title='bbox 892 2959 933 3023; x_wconf 93' lang='grc' dir='ltr'>Β.</span> <span class='ocrx_word' id='word_1_210' title='bbox 955 2959 1127 3045; x_wconf 86' lang='lat' dir='ltr'>pertinent,</span> <span class='ocrx_word' id='word_1_211' title='bbox 1150 2981 1191 3022; x_wconf 90' lang='lat' dir='ltr'>an</span> <span class='ocrx_word' id='word_1_212' title='bbox 1211 2958 1245 3021; x_wconf 93' lang='lat' dir='ltr'>in</span> 
     </span>
     <span class='ocr_line' id='line_1_26' title="bbox 141 3059 1245 3148; baseline 0.002 -25"><span class='ocrx_word' id='word_1_213' title='bbox 141 3059 232 3124; x_wconf 89' lang='lat' dir='ltr'>libris</span> <span class='ocrx_word' id='word_1_214' title='bbox 260 3081 387 3142; x_wconf 91' lang='lat' dir='ltr'>quoque</span> <span class='ocrx_word' id='word_1_215' title='bbox 412 3061 553 3125; x_wconf 82' lang='lat' dir='ltr'>familiae</span> <span class='ocrx_word' id='word_1_216' title='bbox 580 3062 623 3125; x_wconf 87' lang='lat' dir='ltr'>A.</span> <span class='ocrx_word' id='word_1_217' title='bbox 669 3060 747 3126; x_wconf 87' lang='lat' dir='ltr'>Sive</span> <span class='ocrx_word' id='word_1_218' title='bbox 774 3085 851 3127; x_wconf 88' lang='lat' dir='ltr'>vero</span> <span class='ocrx_word' id='word_1_219' title='bbox 878 3061 987 3129; x_wconf 89' lang='lat' dir='ltr'>Orosii</span> <span class='ocrx_word' id='word_1_220' title='bbox 1015 3060 1245 3148; x_wconf 86' lang='lat' dir='ltr'>geographiam</span> 
     </span>
     <span class='ocr_line' id='line_1_27' title="bbox 142 3161 1246 3251; baseline 0.002 -25"><span class='ocrx_word' id='word_1_221' title='bbox 142 3163 319 3246; x_wconf 84' lang='lat' dir='ltr'>integram,</span> <span class='ocrx_word' id='word_1_222' title='bbox 352 3161 420 3237; x_wconf 86' lang='lat' dir='ltr'>sive</span> <span class='ocrx_word' id='word_1_223' title='bbox 450 3172 626 3226; x_wconf 86' lang='lat' dir='ltr'>extremam</span> <span class='ocrx_word' id='word_1_224' title='bbox 653 3171 779 3228; x_wconf 84' lang='lat' dir='ltr'>tantum</span> <span class='ocrx_word' id='word_1_225' title='bbox 808 3165 877 3228; x_wconf 86' lang='lat' dir='ltr'>eius</span> <span class='ocrx_word' id='word_1_226' title='bbox 904 3171 1029 3251; x_wconf 87' lang='lat' dir='ltr'>partem</span> <span class='ocrx_word' id='word_1_227' title='bbox 1051 3162 1191 3228; x_wconf 81' lang='lat' dir='ltr'>Aethico</span> <span class='ocrx_word' id='word_1_228' title='bbox 1212 3164 1246 3227; x_wconf 95' lang='lat' dir='ltr'>in</span> 
     </span>
     <span class='ocr_line' id='line_1_28' title="bbox 142 3262 1246 3332; baseline 0.002 -3"><span class='ocrx_word' id='word_1_229' title='bbox 142 3263 256 3330; x_wconf 88' lang='lat' dir='ltr'>codice</span> <span class='ocrx_word' id='word_1_230' title='bbox 277 3262 400 3327; x_wconf 90' lang='lat' dir='ltr'>Dicuili</span> <span class='ocrx_word' id='word_1_231' title='bbox 428 3262 586 3328; x_wconf 86' lang='lat' dir='ltr'>adiectam</span> <span class='ocrx_word' id='word_1_232' title='bbox 614 3265 713 3330; x_wconf 86' lang='lat' dir='ltr'>fuisse</span> <span class='ocrx_word' id='word_1_233' title='bbox 739 3265 913 3332; x_wconf 87' lang='lat' dir='ltr'>credimus:</span> <span class='ocrx_word' id='word_1_234' title='bbox 942 3275 1049 3332; x_wconf 86' lang='lat' dir='ltr'>tamen</span> <span class='ocrx_word' id='word_1_235' title='bbox 1070 3265 1186 3331; x_wconf 90' lang='lat' dir='ltr'>librum</span> <span class='ocrx_word' id='word_1_236' title='bbox 1208 3266 1246 3331; x_wconf 94' lang='lat' dir='ltr'>il·</span> 
     </span>
     <span class='ocr_line' id='line_1_29' title="bbox 140 3365 1246 3436; baseline 0.001 -2"><span class='ocrx_word' id='word_1_237' title='bbox 140 3370 207 3434; x_wconf 94' lang='lat' dir='ltr'>lum</span> <span class='ocrx_word' id='word_1_238' title='bbox 236 3368 270 3432; x_wconf 93' lang='lat' dir='ltr'>in</span> <span class='ocrx_word' id='word_1_239' title='bbox 297 3365 406 3431; x_wconf 90' lang='lat' dir='ltr'>medio</span> <span class='ocrx_word' id='word_1_240' title='bbox 428 3376 514 3432; x_wconf 87' lang='lat' dir='ltr'>stare</span> <span class='ocrx_word' id='word_1_241' title='bbox 535 3369 730 3434; x_wconf 88' lang='lat' dir='ltr'>recensionis</span> <span class='ocrx_word' id='word_1_242' title='bbox 751 3369 865 3435; x_wconf 85' lang='lat' dir='ltr'>tertiae</span> <span class='ocrx_word' id='word_1_243' title='bbox 886 3377 921 3435; x_wconf 89' lang='lat' dir='ltr'>et</span> <span class='ocrx_word' id='word_1_244' title='bbox 942 3368 1101 3436; x_wconf 87' lang='lat' dir='ltr'>secundae</span> <span class='ocrx_word' id='word_1_245' title='bbox 1123 3379 1246 3436; x_wconf 84' lang='lat' dir='ltr'>certum</span> 
     </span>
     <span class='ocr_line' id='line_1_30' title="bbox 143 3470 1246 3560; baseline 0.003 -22"><span class='ocrx_word' id='word_1_246' title='bbox 143 3480 203 3539; x_wconf 83' lang='lat' dir='ltr'>est</span> <span class='ocrx_word' id='word_1_247' title='bbox 252 3470 378 3537; x_wconf 85' lang='lat' dir='ltr'>Eadem</span> <span class='ocrx_word' id='word_1_248' title='bbox 407 3479 515 3536; x_wconf 89' lang='lat' dir='ltr'>autem</span> <span class='ocrx_word' id='word_1_249' title='bbox 544 3479 659 3537; x_wconf 88' lang='lat' dir='ltr'>natura</span> <span class='ocrx_word' id='word_1_250' title='bbox 686 3473 851 3558; x_wconf 87' lang='lat' dir='ltr'>praeditus</span> <span class='ocrx_word' id='word_1_251' title='bbox 879 3481 928 3539; x_wconf 86' lang='lat' dir='ltr'>est</span> <span class='ocrx_word' id='word_1_252' title='bbox 956 3473 1059 3541; x_wconf 85' lang='lat' dir='ltr'>codex</span> <span class='ocrx_word' id='word_1_253' title='bbox 1087 3473 1130 3539; x_wconf 89' lang='lat' dir='ltr'>ad</span> <span class='ocrx_word' id='word_1_254' title='bbox 1151 3498 1246 3560; x_wconf 90' lang='lat' dir='ltr'>quem</span> 
     </span>
     <span class='ocr_line' id='line_1_31' title="bbox 144 3575 443 3644; baseline -0.003 -3"><span class='ocrx_word' id='word_1_255' title='bbox 144 3599 229 3642; x_wconf 89' lang='lat' dir='ltr'>nune</span> <span class='ocrx_word' id='word_1_256' title='bbox 251 3575 443 3644; x_wconf 88' lang='lat' dir='ltr'>accedimus.</span> 
     </span>
    </p>
   </div>
   <div class='ocr_carea' id='block_1_3' title="bbox 142 3712 344 3722">
    <p class='ocr_par' dir='ltr' id='par_1_4' title="bbox 142 3712 344 3722">
     <span class='ocr_line' id='line_1_32' title="bbox 142 3712 344 3722; baseline -0.01 0"><span class='ocrx_word' id='word_1_257' title='bbox 142 3712 344 3722; x_wconf 76' lang='lat'>---.-—--—--</span> 
     </span>
    </p>
   </div>
   <div class='ocr_carea' id='block_1_4' title="bbox 142 3773 1246 4188">
    <p class='ocr_par' dir='ltr' id='par_1_5' title="bbox 142 3773 1246 4102">
     <span class='ocr_line' id='line_1_33' title="bbox 216 3773 1245 3840; baseline 0 -14"><span class='ocrx_word' id='word_1_258' title='bbox 216 3773 283 3837; x_wconf 75' lang='lat'>165)</span> <span class='ocrx_word' id='word_1_259' title='bbox 302 3777 319 3825; x_wconf 90' lang='lat' dir='ltr'>l.</span> <span class='ocrx_word' id='word_1_260' title='bbox 332 3793 355 3827; x_wconf 89' lang='lat' dir='ltr'>e.</span> <span class='ocrx_word' id='word_1_261' title='bbox 372 3790 431 3840; x_wconf 84' lang='lat' dir='ltr'>pag.</span> <span class='ocrx_word' id='word_1_262' title='bbox 446 3773 488 3823; x_wconf 84' lang='lat'>61.</span> <span class='ocrx_word' id='word_1_263' title='bbox 507 3774 567 3833; x_wconf 85' lang='lat' dir='ltr'>„Ad</span> <span class='ocrx_word' id='word_1_264' title='bbox 578 3773 721 3823; x_wconf 82' lang='lat' dir='ltr'>Sardiniam</span> <span class='ocrx_word' id='word_1_265' title='bbox 738 3773 782 3825; x_wconf 85' lang='lat' dir='ltr'>illa</span> <span class='ocrx_word' id='word_1_266' title='bbox 799 3790 918 3825; x_wconf 84' lang='lat' dir='ltr'>mensura</span> <span class='ocrx_word' id='word_1_267' title='bbox 935 3784 1046 3839; x_wconf 77' lang='lat' dir='ltr'>constat,</span> <span class='ocrx_word' id='word_1_268' title='bbox 1066 3777 1185 3840; x_wconf 83' lang='lat' dir='ltr'>quonium</span> <span class='ocrx_word' id='word_1_269' title='bbox 1202 3776 1245 3828; x_wconf 85' lang='lat'>20.</span> 
     </span>
     <span class='ocr_line' id='line_1_34' title="bbox 143 3854 1245 3929; baseline -0.004 -14"><span class='ocrx_word' id='word_1_270' title='bbox 143 3864 195 3915; x_wconf 79' lang='lat' dir='ltr'>mih</span> <span class='ocrx_word' id='word_1_271' title='bbox 216 3879 294 3926; x_wconf 83' lang='lat' dir='ltr'>quae</span> <span class='ocrx_word' id='word_1_272' title='bbox 312 3865 343 3913; x_wconf 94' lang='lat' dir='ltr'>iu</span> <span class='ocrx_word' id='word_1_273' title='bbox 361 3865 462 3929; x_wconf 89' lang='lat' dir='ltr'>primo</span> <span class='ocrx_word' id='word_1_274' title='bbox 476 3863 585 3915; x_wconf 87' lang='lat' dir='ltr'>Orosii</span> <span class='ocrx_word' id='word_1_275' title='bbox 602 3863 688 3912; x_wconf 89' lang='lat' dir='ltr'>libro</span> <span class='ocrx_word' id='word_1_276' title='bbox 706 3868 782 3924; x_wconf 84' lang='lat' dir='ltr'>utque</span> <span class='ocrx_word' id='word_1_277' title='bbox 800 3854 881 3911; x_wconf 87' lang='lat' dir='ltr'><strong>XIV⁰.</strong></span> <span class='ocrx_word' id='word_1_278' title='bbox 895 3861 1112 3925; x_wconf 84' lang='lat' dir='ltr'>Etymologiarum</span> <span class='ocrx_word' id='word_1_279' title='bbox 1131 3860 1245 3924; x_wconf 86' lang='lat' dir='ltr'>[Isidori]</span> 
     </span>
     <span class='ocr_line' id='line_1_35' title="bbox 144 3947 1246 4017; baseline -0.004 -17"><span class='ocrx_word' id='word_1_280' title='bbox 144 3953 237 4017; x_wconf 87' lang='lat' dir='ltr'>scriptu</span> <span class='ocrx_word' id='word_1_281' title='bbox 260 3962 331 4010; x_wconf 87' lang='lat' dir='ltr'>sunt,</span> <span class='ocrx_word' id='word_1_282' title='bbox 355 3966 406 3999; x_wconf 92' lang='lat' dir='ltr'>non</span> <span class='ocrx_word' id='word_1_283' title='bbox 500 3952 639 4016; x_wconf 84' lang='lat' dir='ltr'>pertinent:</span> <span class='ocrx_word' id='word_1_284' title='bbox 665 3949 745 4013; x_wconf 89' lang='lat' dir='ltr'>ipsius</span> <span class='ocrx_word' id='word_1_285' title='bbox 764 3947 884 3998; x_wconf 85' lang='lat' dir='ltr'>Corsicae</span> <span class='ocrx_word' id='word_1_286' title='bbox 906 3948 1064 4000; x_wconf 82' lang='lat' dir='ltr'>latitudinem</span> <span class='ocrx_word' id='word_1_287' title='bbox 1087 3951 1118 3999; x_wconf 92' lang='lat' dir='ltr'>in</span> <span class='ocrx_word' id='word_1_288' title='bbox 1137 3948 1246 3999; x_wconf 89' lang='lat' dir='ltr'>Orosii</span> 
     </span>
     <span class='ocr_line' id='line_1_36' title="bbox 142 4033 900 4102; baseline -0.004 -16"><span class='ocrx_word' id='word_1_289' title='bbox 142 4038 227 4087; x_wconf 86' lang='lat' dir='ltr'>libro</span> <span class='ocrx_word' id='word_1_290' title='bbox 245 4039 347 4102; x_wconf 91' lang='lat' dir='ltr'>primo</span> <span class='ocrx_word' id='word_1_291' title='bbox 368 4052 414 4100; x_wconf 90' lang='lat' dir='ltr'>per</span> <span class='ocrx_word' id='word_1_292' title='bbox 432 4035 475 4087; x_wconf 73' lang='lat'>36.</span> <span class='ocrx_word' id='word_1_293' title='bbox 494 4038 545 4088; x_wconf 90' lang='lat' dir='ltr'>mil.</span> <span class='ocrx_word' id='word_1_294' title='bbox 564 4052 632 4102; x_wconf 88' lang='lat' dir='ltr'>pass.</span> <span class='ocrx_word' id='word_1_295' title='bbox 652 4036 749 4086; x_wconf 82' lang='lat' dir='ltr'>dilatari</span> <span class='ocrx_word' id='word_1_296' title='bbox 766 4033 900 4099; x_wconf 80' lang='lat' dir='ltr'>legimus“.</span> 
     </span>
    </p>

    <p class='ocr_par' dir='ltr' id='par_1_6' title="bbox 218 4120 415 4188">
     <span class='ocr_line' id='line_1_37' title="bbox 218 4120 415 4188; baseline 0.01 -17"><span class='ocrx_word' id='word_1_297' title='bbox 218 4120 285 4184; x_wconf 79' lang='lat'>166)</span> <span class='ocrx_word' id='word_1_298' title='bbox 303 4139 360 4188; x_wconf 86' lang='lat' dir='ltr'>pag.</span> <span class='ocrx_word' id='word_1_299' title='bbox 374 4122 415 4173; x_wconf 76' lang='lat'>6⁴.</span> 
     </span>
    </p>
   </div>
   <div class='ocr_carea' id='block_1_5' title="bbox 0 0 1393 4844">
    <p class='ocr_par' dir='ltr' id='par_1_7' title="bbox 0 0 1393 4844">
     <span class='ocr_line' id='line_1_38' title="bbox 0 0 1393 4844; baseline 0 0"><span class='ocrx_word' id='word_1_300' title='bbox 0 0 1393 4844; x_wconf 95' lang='lat' dir='ltr'> </span> 
     </span>
    </p>
   </div>
  </div>
 </body>
</html>
