<?xml version="1.0" encoding="UTF-8"?>
<!DOCTYPE html PUBLIC "-//W3C//DTD XHTML 1.0 Transitional//EN"
    "http://www.w3.org/TR/xhtml1/DTD/xhtml1-transitional.dtd">
<html xmlns="http://www.w3.org/1999/xhtml" xml:lang="en" lang="en">
 <head>
  <title>
</title>
<meta http-equiv="Content-Type" content="text/html;charset=utf-8" />
  <meta name='ocr-system' content='tesseract 3.04.00' />
  <meta name='ocr-capabilities' content='ocr_page ocr_carea ocr_par ocr_line ocrx_word'/>
</head>
<body>
  <div class='ocr_page' id='page_1' title='image "./decosmographiae00pertgoog_0079.png"; bbox 0 0 2752 4844; ppageno 0'>
   <div class='ocr_carea' id='block_1_1' title="bbox 751 399 795 465">
    <p class='ocr_par' dir='ltr' id='par_1_1' title="bbox 751 399 795 465">
     <span class='ocr_line' id='line_1_1' title="bbox 751 399 795 465; baseline -0.045 0"><span class='ocrx_word' id='word_1_1' title='bbox 751 399 795 465; x_wconf 84' lang='grc'><strong>74</strong></span> 
     </span>
    </p>
   </div>
   <div class='ocr_carea' id='block_1_2' title="bbox 748 679 793 744">
    <p class='ocr_par' dir='ltr' id='par_1_2' title="bbox 748 679 793 744">
     <span class='ocr_line' id='line_1_2' title="bbox 748 679 793 744; baseline -0.044 0"><span class='ocrx_word' id='word_1_2' title='bbox 748 679 793 744; x_wconf 90' lang='grc' dir='ltr'><strong>Π.</strong></span> 
     </span>
    </p>
   </div>
   <div class='ocr_carea' id='block_1_3' title="bbox 353 824 1182 941">
    <p class='ocr_par' dir='ltr' id='par_1_3' title="bbox 353 824 1182 941">
     <span class='ocr_line' id='line_1_3' title="bbox 353 824 1182 903; baseline -0.001 -20"><span class='ocrx_word' id='word_1_3' title='bbox 353 843 485 885; x_wconf 80' lang='lat' dir='ltr'><strong>comens</strong></span> <span class='ocrx_word' id='word_1_4' title='bbox 509 842 563 891; x_wconf 74' lang='lat' dir='ltr'><strong>ovi</strong></span> <span class='ocrx_word' id='word_1_5' title='bbox 587 824 749 903; x_wconf 74' lang='lat' dir='ltr'><strong>„iarnrm‘</strong></span> <span class='ocrx_word' id='word_1_6' title='bbox 771 843 881 885; x_wconf 79' lang='lat' dir='ltr'><strong>nourr</strong></span> <span class='ocrx_word' id='word_1_7' title='bbox 904 842 1113 884; x_wconf 76' lang='lat' dir='ltr'><strong>runarsarnr</strong></span> <span class='ocrx_word' id='word_1_8' title='bbox 1136 841 1182 883; x_wconf 89' lang='lat'><strong>111.</strong></span> 
     </span>
     <span class='ocr_line' id='line_1_4' title="bbox 553 920 564 941; baseline 0 0"><span class='ocrx_word' id='word_1_9' title='bbox 553 920 564 941; x_wconf 86' lang='lat'><strong>.</strong></span> 
     </span>
    </p>
   </div>
   <div class='ocr_carea' id='block_1_4' title="bbox 170 974 1323 3343">
    <p class='ocr_par' dir='ltr' id='par_1_4' title="bbox 170 974 1323 3343">
     <span class='ocr_line' id='line_1_5' title="bbox 308 974 1323 1062; baseline -0.005 -18"><span class='ocrx_word' id='word_1_10' title='bbox 308 975 459 1044; x_wconf 88' lang='lat' dir='ltr'><strong>Secundo</strong></span> <span class='ocrx_word' id='word_1_11' title='bbox 480 977 552 1040; x_wconf 91' lang='lat' dir='ltr'><strong>loco</strong></span> <span class='ocrx_word' id='word_1_12' title='bbox 573 977 646 1041; x_wconf 90' lang='lat' dir='ltr'>libri</span> <span class='ocrx_word' id='word_1_13' title='bbox 668 978 714 1041; x_wconf 92' lang='lat' dir='ltr'><strong>illi</strong></span> <span class='ocrx_word' id='word_1_14' title='bbox 736 976 921 1042; x_wconf 90' lang='lat' dir='ltr'><strong>recensendi</strong></span> <span class='ocrx_word' id='word_1_15' title='bbox 943 986 1027 1061; x_wconf 81' lang='lat' dir='ltr'><strong>suut,</strong></span> <span class='ocrx_word' id='word_1_16' title='bbox 1050 977 1106 1061; x_wconf 93' lang='lat' dir='ltr'><strong>qui</strong></span> <span class='ocrx_word' id='word_1_17' title='bbox 1127 974 1323 1062; x_wconf 83' lang='lat' dir='ltr'><strong>Oosmogra-</strong></span> 
     </span>
     <span class='ocr_line' id='line_1_6' title="bbox 220 1077 1322 1164; baseline 0 -21"><span class='ocrx_word' id='word_1_18' title='bbox 220 1077 329 1162; x_wconf 86' lang='lat' dir='ltr'><strong>pbiam</strong></span> <span class='ocrx_word' id='word_1_19' title='bbox 351 1080 491 1145; x_wconf 87' lang='lat' dir='ltr'><strong>Aetbico</strong></span> <span class='ocrx_word' id='word_1_20' title='bbox 518 1080 695 1145; x_wconf 91' lang='lat' dir='ltr'><strong>ascribunt:</strong></span> <span class='ocrx_word' id='word_1_21' title='bbox 725 1082 781 1164; x_wconf 93' lang='lat' dir='ltr'><strong>qui</strong></span> <span class='ocrx_word' id='word_1_22' title='bbox 809 1080 954 1164; x_wconf 85' lang='lat' dir='ltr'><strong>quamvis</strong></span> <span class='ocrx_word' id='word_1_23' title='bbox 982 1080 1110 1146; x_wconf 91' lang='lat' dir='ltr'><strong>saeculo</strong></span> <span class='ocrx_word' id='word_1_24' title='bbox 1133 1079 1214 1143; x_wconf 79' lang='grc' dir='ltr'><strong>ΧΠ.</strong></span> <span class='ocrx_word' id='word_1_25' title='bbox 1239 1079 1322 1143; x_wconf 88' lang='lat' dir='ltr'><strong>anti-</strong></span> 
     </span>
     <span class='ocr_line' id='line_1_7' title="bbox 220 1182 1321 1270; baseline 0.001 -23"><span class='ocrx_word' id='word_1_26' title='bbox 220 1183 347 1266; x_wconf 84' lang='lat' dir='ltr'><strong>quiores</strong></span> <span class='ocrx_word' id='word_1_27' title='bbox 373 1207 439 1248; x_wconf 90' lang='lat' dir='ltr'><strong>non</strong></span> <span class='ocrx_word' id='word_1_28' title='bbox 466 1185 548 1266; x_wconf 83' lang='lat' dir='ltr'><strong>sint,</strong></span> <span class='ocrx_word' id='word_1_29' title='bbox 575 1192 683 1248; x_wconf 84' lang='lat' dir='ltr'><strong>tamen</strong></span> <span class='ocrx_word' id='word_1_30' title='bbox 710 1184 848 1270; x_wconf 88' lang='lat' dir='ltr'><strong>ingentis</strong></span> <span class='ocrx_word' id='word_1_31' title='bbox 876 1182 1040 1249; x_wconf 91' lang='lat' dir='ltr'><strong>hominum</strong></span> <span class='ocrx_word' id='word_1_32' title='bbox 1063 1183 1321 1249; x_wconf 82' lang='lat' dir='ltr'><strong>doctissimorum</strong></span> 
     </span>
     <span class='ocr_line' id='line_1_8' title="bbox 219 1285 1322 1374; baseline 0 -24"><span class='ocrx_word' id='word_1_33' title='bbox 219 1287 448 1352; x_wconf 89' lang='lat' dir='ltr'><strong>sententiarum</strong></span> <span class='ocrx_word' id='word_1_34' title='bbox 470 1287 680 1353; x_wconf 83' lang='lat' dir='ltr'><strong>confusionis·</strong></span> <span class='ocrx_word' id='word_1_35' title='bbox 686 1310 784 1352; x_wconf 87' lang='lat' dir='ltr'><strong>causa</strong></span> <span class='ocrx_word' id='word_1_36' title='bbox 799 1288 973 1353; x_wconf 82' lang='lat' dir='ltr'><strong>extit-eruut</strong></span> <span class='ocrx_word' id='word_1_37' title='bbox 987 1296 1020 1352; x_wconf 89' lang='lat' dir='ltr'><strong>et</strong></span> <span class='ocrx_word' id='word_1_38' title='bbox 1035 1287 1136 1374; x_wconf 85' lang='lat' dir='ltr'><strong>origo.</strong></span> <span class='ocrx_word' id='word_1_39' title='bbox 1176 1285 1322 1368; x_wconf 81' lang='lat' dir='ltr'>Quaeret</span> 
     </span>
     <span class='ocr_line' id='line_1_9' title="bbox 170 1388 1322 1477; baseline 0 -23"><span class='ocrx_word' id='word_1_40' title='bbox 170 1392 184 1425; x_wconf 73' lang='lat'><strong>‘²</strong></span> <span class='ocrx_word' id='word_1_41' title='bbox 217 1388 318 1476; x_wconf 87' lang='lat' dir='ltr'><strong>igitur</strong></span> <span class='ocrx_word' id='word_1_42' title='bbox 339 1392 497 1477; x_wconf 85' lang='lat' dir='ltr'><strong>quispiam</strong></span> <span class='ocrx_word' id='word_1_43' title='bbox 520 1414 659 1477; x_wconf 92' lang='lat' dir='ltr'><strong>quonam</strong></span> <span class='ocrx_word' id='word_1_44' title='bbox 682 1391 778 1457; x_wconf 94' lang='lat' dir='ltr'><strong>modo</strong></span> <span class='ocrx_word' id='word_1_45' title='bbox 799 1393 921 1457; x_wconf 88' lang='lat' dir='ltr'><strong>factum</strong></span> <span class='ocrx_word' id='word_1_46' title='bbox 943 1393 996 1474; x_wconf 87' lang='lat' dir='ltr'><strong>sit,</strong></span> <span class='ocrx_word' id='word_1_47' title='bbox 1017 1398 1055 1455; x_wconf 92' lang='lat' dir='ltr'><strong>ut</strong></span> <span class='ocrx_word' id='word_1_48' title='bbox 1067 1389 1242 1455; x_wconf 88' lang='lat' dir='ltr'><strong>Aethicum</strong></span> <span class='ocrx_word' id='word_1_49' title='bbox 1264 1413 1322 1455; x_wconf 89' lang='lat' dir='ltr'><strong>au-</strong></span> 
     </span>
     <span class='ocr_line' id='line_1_10' title="bbox 219 1493 1321 1580; baseline 0 -22"><span class='ocrx_word' id='word_1_50' title='bbox 219 1500 342 1558; x_wconf 79' lang='lat' dir='ltr'><strong>ctorem</strong></span> <span class='ocrx_word' id='word_1_51' title='bbox 367 1495 528 1580; x_wconf 80' lang='lat' dir='ltr'><strong>praedicti</strong></span> <span class='ocrx_word' id='word_1_52' title='bbox 553 1495 627 1561; x_wconf 91' lang='lat' dir='ltr'><strong>libri</strong></span> <span class='ocrx_word' id='word_1_53' title='bbox 655 1494 857 1580; x_wconf 79' lang='lat' dir='ltr'><strong>praeferant?</strong></span> <span class='ocrx_word' id='word_1_54' title='bbox 901 1493 1000 1577; x_wconf 82' lang='lat' dir='ltr'><strong>Quod</strong></span> <span class='ocrx_word' id='word_1_55' title='bbox 1024 1493 1099 1559; x_wconf 90' lang='lat' dir='ltr'><strong>inde</strong></span> <span class='ocrx_word' id='word_1_56' title='bbox 1121 1502 1228 1559; x_wconf 89' lang='lat' dir='ltr'><strong>ortum</strong></span> <span class='ocrx_word' id='word_1_57' title='bbox 1251 1516 1321 1558; x_wconf 90' lang='lat' dir='ltr'><strong>esse</strong></span> 
     </span>
     <span class='ocr_line' id='line_1_11' title="bbox 219 1597 1320 1685; baseline 0.001 -23"><span class='ocrx_word' id='word_1_58' title='bbox 219 1597 395 1680; x_wconf 84' lang='lat' dir='ltr'><strong>credimus,</strong></span> <span class='ocrx_word' id='word_1_59' title='bbox 424 1599 499 1683; x_wconf 90' lang='lat' dir='ltr'><strong>quia</strong></span> <span class='ocrx_word' id='word_1_60' title='bbox 521 1597 778 1685; x_wconf 86' lang='lat' dir='ltr'><strong>Cosmographia</strong></span> <span class='ocrx_word' id='word_1_61' title='bbox 803 1607 914 1663; x_wconf 88' lang='lat' dir='ltr'><strong>nostra</strong></span> <span class='ocrx_word' id='word_1_62' title='bbox 940 1598 973 1682; x_wconf 87' lang='lat' dir='ltr'><strong>in</strong></span> <span class='ocrx_word' id='word_1_63' title='bbox 1002 1598 1116 1664; x_wconf 90' lang='lat' dir='ltr'><strong>iisdem</strong></span> <span class='ocrx_word' id='word_1_64' title='bbox 1137 1597 1228 1663; x_wconf 91' lang='lat' dir='ltr'><strong>libris</strong></span> <span class='ocrx_word' id='word_1_65' title='bbox 1250 1620 1320 1663; x_wconf 90' lang='lat' dir='ltr'><strong>sae-</strong></span> 
     </span>
     <span class='ocr_line' id='line_1_12' title="bbox 217 1701 1320 1787; baseline 0.002 -22"><span class='ocrx_word' id='word_1_66' title='bbox 217 1702 291 1787; x_wconf 90' lang='lat' dir='ltr'><strong>pius</strong></span> <span class='ocrx_word' id='word_1_67' title='bbox 312 1725 424 1766; x_wconf 90' lang='lat' dir='ltr'><strong>verum</strong></span> <span class='ocrx_word' id='word_1_68' title='bbox 437 1701 591 1767; x_wconf 84' lang='lat' dir='ltr'><strong>Ethicum</strong></span> <span class='ocrx_word' id='word_1_69' title='bbox 612 1712 748 1787; x_wconf 85' lang='lat' dir='ltr'><strong>sequuta</strong></span> <span class='ocrx_word' id='word_1_70' title='bbox 762 1710 821 1784; x_wconf 84' lang='lat' dir='ltr'><strong>est,</strong></span> <span class='ocrx_word' id='word_1_71' title='bbox 842 1702 890 1766; x_wconf 90' lang='lat' dir='ltr'><strong>ita</strong></span> <span class='ocrx_word' id='word_1_72' title='bbox 906 1711 941 1766; x_wconf 88' lang='lat' dir='ltr'><strong>ut</strong></span> <span class='ocrx_word' id='word_1_73' title='bbox 954 1701 1076 1767; x_wconf 92' lang='lat' dir='ltr'><strong>librarii</strong></span> <span class='ocrx_word' id='word_1_74' title='bbox 1088 1702 1183 1767; x_wconf 86' lang='lat' dir='ltr'><strong>facile</strong></span> <span class='ocrx_word' id='word_1_75' title='bbox 1197 1711 1320 1767; x_wconf 84' lang='lat' dir='ltr'><strong>utrum·</strong></span> 
     </span>
     <span class='ocr_line' id='line_1_13' title="bbox 218 1804 1319 1891; baseline 0 -22"><span class='ocrx_word' id='word_1_76' title='bbox 218 1827 281 1889; x_wconf 91' lang='lat' dir='ltr'><strong>que</strong></span> <span class='ocrx_word' id='word_1_77' title='bbox 303 1828 384 1890; x_wconf 91' lang='lat' dir='ltr'><strong>opus</strong></span> <span class='ocrx_word' id='word_1_78' title='bbox 405 1804 525 1870; x_wconf 82' lang='lat' dir='ltr'><strong>Ethico</strong></span> <span class='ocrx_word' id='word_1_79' title='bbox 552 1805 738 1871; x_wconf 82' lang='lat' dir='ltr'><strong>tribuerent.</strong></span> <span class='ocrx_word' id='word_1_80' title='bbox 783 1805 824 1870; x_wconf 94' lang='lat' dir='ltr'><strong>Id</strong></span> <span class='ocrx_word' id='word_1_81' title='bbox 853 1813 960 1881; x_wconf 89' lang='lat' dir='ltr'><strong>autem</strong></span> <span class='ocrx_word' id='word_1_82' title='bbox 983 1829 1021 1873; x_wconf 93' lang='lat' dir='ltr'><strong>eo</strong></span> <span class='ocrx_word' id='word_1_83' title='bbox 1042 1806 1169 1871; x_wconf 85' lang='lat' dir='ltr'><strong>facilius</strong></span> <span class='ocrx_word' id='word_1_84' title='bbox 1190 1813 1319 1891; x_wconf 84' lang='lat' dir='ltr'><strong>poterat</strong></span> 
     </span>
     <span class='ocr_line' id='line_1_14' title="bbox 218 1907 1320 1998; baseline 0 -26"><span class='ocrx_word' id='word_1_85' title='bbox 218 1908 374 1992; x_wconf 81' lang='lat' dir='ltr'><strong>accidere,</strong></span> <span class='ocrx_word' id='word_1_86' title='bbox 387 1909 473 1994; x_wconf 92' lang='lat' dir='ltr'><strong>quod</strong></span> <span class='ocrx_word' id='word_1_87' title='bbox 485 1907 740 1998; x_wconf 86' lang='lat' dir='ltr'><strong>Cosmographia</strong></span> <span class='ocrx_word' id='word_1_88' title='bbox 754 1910 788 1974; x_wconf 91' lang='lat' dir='ltr'><strong>in</strong></span> <span class='ocrx_word' id='word_1_89' title='bbox 802 1909 962 1995; x_wconf 90' lang='lat' dir='ltr'><strong>plerisque</strong></span> <span class='ocrx_word' id='word_1_90' title='bbox 976 1909 1212 1996; x_wconf 75' lang='lat' dir='ltr'><strong>manuscriptio,</strong></span> <span class='ocrx_word' id='word_1_91' title='bbox 1236 1908 1320 1974; x_wconf 91' lang='lat' dir='ltr'><strong>sicut</strong></span> 
     </span>
     <span class='ocr_line' id='line_1_15' title="bbox 218 2010 1319 2097; baseline 0 -20"><span class='ocrx_word' id='word_1_92' title='bbox 218 2010 372 2097; x_wconf 84' lang='lat' dir='ltr'><strong>vidimus,</strong></span> <span class='ocrx_word' id='word_1_93' title='bbox 402 2021 567 2080; x_wconf 84' lang='lat' dir='ltr'><strong>auctorem</strong></span> <span class='ocrx_word' id='word_1_94' title='bbox 594 2014 715 2078; x_wconf 89' lang='lat' dir='ltr'><strong>nullum</strong></span> <span class='ocrx_word' id='word_1_95' title='bbox 738 2013 882 2094; x_wconf 82' lang='lat' dir='ltr'><strong>exhibet3</strong></span> <span class='ocrx_word' id='word_1_96' title='bbox 913 2012 1126 2077; x_wconf 90' lang='lat' dir='ltr'><strong>deindevero</strong></span> <span class='ocrx_word' id='word_1_97' title='bbox 1149 2012 1231 2077; x_wconf 92' lang='lat' dir='ltr'><strong>siin</strong></span> <span class='ocrx_word' id='word_1_98' title='bbox 1254 2036 1319 2077; x_wconf 93' lang='lat' dir='ltr'><strong>uno</strong></span> 
     </span>
     <span class='ocr_line' id='line_1_16' title="bbox 217 2115 1318 2203; baseline 0.001 -22"><span class='ocrx_word' id='word_1_99' title='bbox 217 2117 358 2182; x_wconf 85' lang='lat' dir='ltr'><strong>alterove</strong></span> <span class='ocrx_word' id='word_1_100' title='bbox 380 2117 508 2202; x_wconf 87' lang='lat' dir='ltr'><strong>codice,</strong></span> <span class='ocrx_word' id='word_1_101' title='bbox 536 2119 623 2184; x_wconf 93' lang='lat' dir='ltr'><strong>nullo</strong></span> <span class='ocrx_word' id='word_1_102' title='bbox 646 2118 750 2203; x_wconf 86' lang='lat' dir='ltr'><strong>spatio</strong></span> <span class='ocrx_word' id='word_1_103' title='bbox 772 2117 969 2200; x_wconf 84' lang='lat' dir='ltr'><strong>intermisso,</strong></span> <span class='ocrx_word' id='word_1_104' title='bbox 997 2115 1152 2182; x_wconf 87' lang='lat' dir='ltr'><strong>Ethicum</strong></span> <span class='ocrx_word' id='word_1_105' title='bbox 1175 2117 1216 2182; x_wconf 89' lang='lat' dir='ltr'><strong>ab</strong></span> <span class='ocrx_word' id='word_1_106' title='bbox 1238 2117 1318 2185; x_wconf 89' lang='lat' dir='ltr'><strong>Hie·</strong></span> 
     </span>
     <span class='ocr_line' id='line_1_17' title="bbox 217 2218 1318 2309; baseline 0.002 -25"><span class='ocrx_word' id='word_1_107' title='bbox 217 2244 352 2308; x_wconf 84' lang='lat' dir='ltr'><strong>ronymo</strong></span> <span class='ocrx_word' id='word_1_108' title='bbox 374 2222 564 2287; x_wconf 90' lang='lat' dir='ltr'><strong>translatum</strong></span> <span class='ocrx_word' id='word_1_109' title='bbox 586 2245 746 2309; x_wconf 87' lang='lat' dir='ltr'><strong>anonyma</strong></span> <span class='ocrx_word' id='word_1_110' title='bbox 766 2220 841 2285; x_wconf 91' lang='lat' dir='ltr'><strong>Iulii</strong></span> <span class='ocrx_word' id='word_1_111' title='bbox 862 2220 999 2285; x_wconf 90' lang='lat' dir='ltr'><strong>Honorii</strong></span> <span class='ocrx_word' id='word_1_112' title='bbox 1019 2218 1168 2286; x_wconf 90' lang='lat' dir='ltr'><strong>Oratoris</strong></span> <span class='ocrx_word' id='word_1_113' title='bbox 1183 2219 1318 2287; x_wconf 83' lang='lat' dir='ltr'><strong>Cosmu-</strong></span> 
     </span>
     <span class='ocr_line' id='line_1_18' title="bbox 216 2323 1319 2412; baseline 0.003 -24"><span class='ocrx_word' id='word_1_114' title='bbox 216 2325 362 2412; x_wconf 85' lang='lat' dir='ltr'><strong>graphia,</strong></span> <span class='ocrx_word' id='word_1_115' title='bbox 385 2334 441 2390; x_wconf 91' lang='lat' dir='ltr'><strong>aut</strong></span> <span class='ocrx_word' id='word_1_116' title='bbox 463 2327 491 2392; x_wconf 90' lang='lat' dir='ltr'><strong>si</strong></span> <span class='ocrx_word' id='word_1_117' title='bbox 512 2326 596 2391; x_wconf 90' lang='lat' dir='ltr'><strong>banc</strong></span> <span class='ocrx_word' id='word_1_118' title='bbox 618 2327 721 2412; x_wconf 90' lang='lat' dir='ltr'><strong>ipsam</strong></span> <span class='ocrx_word' id='word_1_119' title='bbox 743 2323 891 2407; x_wconf 85' lang='lat' dir='ltr'><strong>Ethicus‚</strong></span> <span class='ocrx_word' id='word_1_120' title='bbox 913 2333 1131 2408; x_wconf 82' lang='lat' dir='ltr'><strong>exciperet-</strong></span> <span class='ocrx_word' id='word_1_121' title='bbox 1152 2325 1249 2410; x_wconf 91' lang='lat' dir='ltr'><strong>idque</strong></span> <span class='ocrx_word' id='word_1_122' title='bbox 1271 2327 1319 2391; x_wconf 88' lang='lat' dir='ltr'><strong>ita</strong></span> 
     </span>
     <span class='ocr_line' id='line_1_19' title="bbox 217 2427 1318 2514; baseline 0 -20"><span class='ocrx_word' id='word_1_123' title='bbox 217 2451 251 2494; x_wconf 94' lang='lat' dir='ltr'><strong>se</strong></span> <span class='ocrx_word' id='word_1_124' title='bbox 273 2429 390 2496; x_wconf 90' lang='lat' dir='ltr'><strong>babere</strong></span> <span class='ocrx_word' id='word_1_125' title='bbox 411 2430 446 2494; x_wconf 91' lang='lat' dir='ltr'><strong>in</strong></span> <span class='ocrx_word' id='word_1_126' title='bbox 466 2430 641 2496; x_wconf 90' lang='lat' dir='ltr'><strong>Parisiensi</strong></span> <span class='ocrx_word' id='word_1_127' title='bbox 663 2428 760 2496; x_wconf 73' lang='lat'><strong>4871.</strong></span> <span class='ocrx_word' id='word_1_128' title='bbox 784 2427 879 2493; x_wconf 89' lang='lat' dir='ltr'><strong>docet</strong></span> <span class='ocrx_word' id='word_1_129' title='bbox 892 2427 1200 2514; x_wconf 81' lang='lat' dir='ltr'><strong>D&#39;Avezacius¹⁹⁶):</strong></span> <span class='ocrx_word' id='word_1_130' title='bbox 1221 2429 1318 2494; x_wconf 84' lang='lat' dir='ltr'><strong>Ethi-</strong></span> 
     </span>
     <span class='ocr_line' id='line_1_20' title="bbox 218 2531 1317 2621; baseline 0.001 -24"><span class='ocrx_word' id='word_1_131' title='bbox 218 2555 275 2598; x_wconf 92' lang='lat' dir='ltr'><strong>cus</strong></span> <span class='ocrx_word' id='word_1_132' title='bbox 304 2541 411 2599; x_wconf 89' lang='lat' dir='ltr'><strong>autem</strong></span> <span class='ocrx_word' id='word_1_133' title='bbox 434 2531 724 2621; x_wconf 83' lang='lat' dir='ltr'><strong>Cosmographiam</strong></span> <span class='ocrx_word' id='word_1_134' title='bbox 749 2531 941 2616; x_wconf 87' lang='lat' dir='ltr'><strong>sequebatur</strong></span> <span class='ocrx_word' id='word_1_135' title='bbox 967 2532 1002 2595; x_wconf 91' lang='lat' dir='ltr'><strong>in</strong></span> <span class='ocrx_word' id='word_1_136' title='bbox 1025 2531 1136 2597; x_wconf 89' lang='lat' dir='ltr'><strong>codice</strong></span> <span class='ocrx_word' id='word_1_137' title='bbox 1158 2535 1317 2621; x_wconf 89' lang='lat' dir='ltr'><strong>Augiensi</strong></span> 
     </span>
     <span class='ocr_line' id='line_1_21' title="bbox 216 2635 1317 2722; baseline 0.002 -22"><span class='ocrx_word' id='word_1_138' title='bbox 216 2658 310 2720; x_wconf 93' lang='lat' dir='ltr'><strong>quem</strong></span> <span class='ocrx_word' id='word_1_139' title='bbox 333 2660 431 2722; x_wconf 88' lang='lat' dir='ltr'><strong>supra</strong></span> <span class='ocrx_word' id='word_1_140' title='bbox 444 2641 496 2719; x_wconf 76' lang='grc'><strong>196)</strong></span> <span class='ocrx_word' id='word_1_141' title='bbox 527 2635 792 2701; x_wconf 82' lang='lat' dir='ltr'><strong>laudavimus-</strong></span> <span class='ocrx_word' id='word_1_142' title='bbox 815 2643 884 2700; x_wconf 90' lang='lat' dir='ltr'><strong>tum</strong></span> <span class='ocrx_word' id='word_1_143' title='bbox 910 2660 1026 2701; x_wconf 92' lang='lat' dir='ltr'><strong>nomen</strong></span> <span class='ocrx_word' id='word_1_144' title='bbox 1046 2636 1158 2702; x_wconf 85' lang='lat' dir='ltr'><strong>Ethici</strong></span> <span class='ocrx_word' id='word_1_145' title='bbox 1178 2635 1317 2712; x_wconf 83' lang='lat' dir='ltr'><strong>inCos-</strong></span> 
     </span>
     <span class='ocr_line' id='line_1_22' title="bbox 215 2738 1316 2828; baseline 0.002 -24"><span class='ocrx_word' id='word_1_146' title='bbox 215 2742 437 2828; x_wconf 84' lang='lat' dir='ltr'><strong>mographiam</strong></span> <span class='ocrx_word' id='word_1_147' title='bbox 459 2762 586 2825; x_wconf 91' lang='lat' dir='ltr'><strong>quoque</strong></span> <span class='ocrx_word' id='word_1_148' title='bbox 606 2738 796 2803; x_wconf 88' lang='lat' dir='ltr'><strong>translatum</strong></span> <span class='ocrx_word' id='word_1_149' title='bbox 816 2738 915 2805; x_wconf 85' lang='lat' dir='ltr'><strong>fuisse</strong></span> <span class='ocrx_word' id='word_1_150' title='bbox 942 2763 982 2806; x_wconf 92' lang='lat' dir='ltr'><strong>ne</strong></span> <span class='ocrx_word' id='word_1_151' title='bbox 1003 2741 1072 2806; x_wconf 87' lang='lat' dir='ltr'><strong>sine</strong></span> <span class='ocrx_word' id='word_1_152' title='bbox 1094 2750 1225 2806; x_wconf 90' lang='lat' dir='ltr'><strong>auctore</strong></span> <span class='ocrx_word' id='word_1_153' title='bbox 1247 2765 1316 2806; x_wconf 89' lang='lat' dir='ltr'><strong>esse</strong></span> 
     </span>
     <span class='ocr_line' id='line_1_23' title="bbox 215 2842 1316 2929; baseline 0.001 -20"><span class='ocrx_word' id='word_1_154' title='bbox 215 2845 377 2911; x_wconf 84' lang='lat' dir='ltr'><strong>videretur</strong></span> <span class='ocrx_word' id='word_1_155' title='bbox 399 2845 470 2929; x_wconf 88' lang='lat' dir='ltr'><strong>quis</strong></span> <span class='ocrx_word' id='word_1_156' title='bbox 493 2851 543 2909; x_wconf 89' lang='lat' dir='ltr'><strong>est</strong></span> <span class='ocrx_word' id='word_1_157' title='bbox 563 2843 641 2926; x_wconf 92' lang='lat' dir='ltr'><strong>quin</strong></span> <span class='ocrx_word' id='word_1_158' title='bbox 662 2842 797 2907; x_wconf 89' lang='lat' dir='ltr'><strong>libenter</strong></span> <span class='ocrx_word' id='word_1_159' title='bbox 825 2843 957 2908; x_wconf 84' lang='lat' dir='ltr'><strong>credat?</strong></span> <span class='ocrx_word' id='word_1_160' title='bbox 991 2842 1067 2926; x_wconf 80' lang='lat' dir='ltr'><strong>Qua</strong></span> <span class='ocrx_word' id='word_1_161' title='bbox 1087 2845 1121 2908; x_wconf 91' lang='lat' dir='ltr'><strong>in</strong></span> <span class='ocrx_word' id='word_1_162' title='bbox 1141 2868 1177 2908; x_wconf 93' lang='lat' dir='ltr'><strong>re</strong></span> <span class='ocrx_word' id='word_1_163' title='bbox 1198 2844 1316 2910; x_wconf 91' lang='lat' dir='ltr'><strong>nullius</strong></span> 
     </span>
     <span class='ocr_line' id='line_1_24' title="bbox 216 2944 1315 3033; baseline -0.001 -19"><span class='ocrx_word' id='word_1_164' title='bbox 216 2958 266 3014; x_wconf 85' lang='lat' dir='ltr'><strong>est</strong></span> <span class='ocrx_word' id='word_1_165' title='bbox 287 2949 455 3030; x_wconf 85' lang='lat' dir='ltr'><strong>momenti,</strong></span> <span class='ocrx_word' id='word_1_166' title='bbox 480 2944 568 3030; x_wconf 92' lang='lat' dir='ltr'><strong>quod</strong></span> <span class='ocrx_word' id='word_1_167' title='bbox 593 2946 712 3010; x_wconf 89' lang='lat' dir='ltr'><strong>frustra</strong></span> <span class='ocrx_word' id='word_1_168' title='bbox 739 2947 835 3013; x_wconf 91' lang='lat' dir='ltr'><strong>toties</strong></span> <span class='ocrx_word' id='word_1_169' title='bbox 863 2947 1011 3012; x_wconf 86' lang='lat' dir='ltr'><strong>iactitant</strong></span> <span class='ocrx_word' id='word_1_170' title='bbox 1037 2948 1092 3031; x_wconf 93' lang='lat' dir='ltr'><strong>qui</strong></span> <span class='ocrx_word' id='word_1_171' title='bbox 1113 2971 1173 3033; x_wconf 91' lang='lat' dir='ltr'><strong>pro</strong></span> <span class='ocrx_word' id='word_1_172' title='bbox 1194 2948 1315 3013; x_wconf 82' lang='lat' dir='ltr'><strong>Ethico</strong></span> 
     </span>
     <span class='ocr_line' id='line_1_25' title="bbox 215 3048 1316 3137; baseline -0.002 -19"><span class='ocrx_word' id='word_1_173' title='bbox 215 3063 346 3119; x_wconf 87' lang='lat' dir='ltr'><strong>auctore</strong></span> <span class='ocrx_word' id='word_1_174' title='bbox 375 3049 649 3137; x_wconf 75' lang='lat' dir='ltr'><strong>cosmographiae</strong></span> <span class='ocrx_word' id='word_1_175' title='bbox 679 3060 917 3137; x_wconf 84' lang='lat' dir='ltr'><strong>pugnaverunt,</strong></span> <span class='ocrx_word' id='word_1_176' title='bbox 954 3051 997 3117; x_wconf 91' lang='lat' dir='ltr'><strong>ad</strong></span> <span class='ocrx_word' id='word_1_177' title='bbox 1022 3049 1175 3116; x_wconf 82' lang='lat' dir='ltr'><strong>Ethicum</strong></span> <span class='ocrx_word' id='word_1_178' title='bbox 1201 3048 1316 3116; x_wconf 91' lang='lat' dir='ltr'><strong>reduci</strong></span> 
     </span>
     <span class='ocr_line' id='line_1_26' title="bbox 213 3153 1314 3244; baseline -0.002 -21"><span class='ocrx_word' id='word_1_179' title='bbox 213 3158 331 3223; x_wconf 91' lang='lat' dir='ltr'><strong>librum</strong></span> <span class='ocrx_word' id='word_1_180' title='bbox 356 3164 501 3220; x_wconf 87' lang='lat' dir='ltr'><strong>nostrum</strong></span> <span class='ocrx_word' id='word_1_181' title='bbox 530 3177 550 3219; x_wconf 90' lang='lat' dir='ltr'><strong>a</strong></span> <span class='ocrx_word' id='word_1_182' title='bbox 570 3153 755 3220; x_wconf 82' lang='lat' dir='ltr'><strong>Flodoardo</strong></span> <span class='ocrx_word' id='word_1_183' title='bbox 770 3156 822 3240; x_wconf 82' lang='lat'><strong>¹⁹⁷)</strong></span> <span class='ocrx_word' id='word_1_184' title='bbox 847 3165 879 3221; x_wconf 92' lang='lat' dir='ltr'><strong>et</strong></span> <span class='ocrx_word' id='word_1_185' title='bbox 900 3155 1040 3244; x_wconf 88' lang='lat' dir='ltr'><strong>Hugone</strong></span> <span class='ocrx_word' id='word_1_186' title='bbox 1061 3154 1314 3221; x_wconf 80' lang='lat' dir='ltr'><strong>Flaviniacensis</strong></span> 
     </span>
     <span class='ocr_line' id='line_1_27' title="bbox 214 3256 1314 3343; baseline -0.004 -17"><span class='ocrx_word' id='word_1_187' title='bbox 214 3258 399 3326; x_wconf 90' lang='lat' dir='ltr'><strong>monasterii</strong></span> <span class='ocrx_word' id='word_1_188' title='bbox 427 3257 543 3324; x_wconf 88' lang='lat' dir='ltr'><strong>abbate</strong></span> <span class='ocrx_word' id='word_1_189' title='bbox 561 3259 626 3342; x_wconf 77' lang='lat'><strong>¹⁹⁸).</strong></span> <span class='ocrx_word' id='word_1_190' title='bbox 672 3257 746 3325; x_wconf 92' lang='lat' dir='ltr'><strong>Hoc</strong></span> <span class='ocrx_word' id='word_1_191' title='bbox 774 3267 899 3325; x_wconf 90' lang='lat' dir='ltr'><strong>tantum</strong></span> <span class='ocrx_word' id='word_1_192' title='bbox 922 3282 960 3325; x_wconf 88' lang='lat' dir='ltr'><strong>ea</strong></span> <span class='ocrx_word' id='word_1_193' title='bbox 982 3282 1078 3324; x_wconf 88' lang='lat' dir='ltr'><strong>exre</strong></span> <span class='ocrx_word' id='word_1_194' title='bbox 1100 3256 1314 3343; x_wconf 87' lang='lat' dir='ltr'><strong>colligendum</strong></span> 
     </span>
    </p>
   </div>
   <div class='ocr_carea' id='block_1_5' title="bbox 213 3386 414 3396">
    <p class='ocr_par' dir='ltr' id='par_1_5' title="bbox 213 3386 414 3396">
     <span class='ocr_line' id='line_1_28' title="bbox 213 3386 414 3396; baseline -0.01 -3"><span class='ocrx_word' id='word_1_195' title='bbox 213 3386 414 3396; x_wconf 77' lang='lat'><strong>——.-.-...</strong></span> 
     </span>
    </p>
   </div>
   <div class='ocr_carea' id='block_1_6' title="bbox 213 3438 1312 3679">
    <p class='ocr_par' dir='ltr' id='par_1_6' title="bbox 213 3438 1312 3679">
     <span class='ocr_line' id='line_1_29' title="bbox 214 3438 1312 3505; baseline -0.003 -14"><span class='ocrx_word' id='word_1_196' title='bbox 214 3441 394 3505; x_wconf 86' lang='lat' dir='ltr'><strong>D’Achery,</strong></span> <span class='ocrx_word' id='word_1_197' title='bbox 416 3440 556 3504; x_wconf 82' lang='lat' dir='ltr'><strong>presbyteri</strong></span> <span class='ocrx_word' id='word_1_198' title='bbox 579 3457 608 3491; x_wconf 89' lang='lat' dir='ltr'><strong>ac</strong></span> <span class='ocrx_word' id='word_1_199' title='bbox 631 3443 749 3492; x_wconf 88' lang='lat' dir='ltr'><strong>monachi</strong></span> <span class='ocrx_word' id='word_1_200' title='bbox 768 3441 870 3491; x_wconf 88' lang='lat' dir='ltr'><strong>Ordinis</strong></span> <span class='ocrx_word' id='word_1_201' title='bbox 889 3440 915 3490; x_wconf 85' lang='lat' dir='ltr'><strong>S.</strong></span> <span class='ocrx_word' id='word_1_202' title='bbox 932 3439 1078 3499; x_wconf 85' lang='lat' dir='ltr'><strong>Benedicti,</strong></span> <span class='ocrx_word' id='word_1_203' title='bbox 1101 3438 1312 3501; x_wconf 82' lang='lat' dir='ltr'><strong>Congregationis</strong></span> 
     </span>
     <span class='ocr_line' id='line_1_30' title="bbox 214 3521 1311 3588; baseline 0 -13"><span class='ocrx_word' id='word_1_204' title='bbox 214 3525 241 3576; x_wconf 84' lang='lat' dir='ltr'><strong>S.</strong></span> <span class='ocrx_word' id='word_1_205' title='bbox 253 3527 344 3576; x_wconf 82' lang='lat' dir='ltr'><strong>Mauri.</strong></span> <span class='ocrx_word' id='word_1_206' title='bbox 379 3526 451 3576; x_wconf 85' lang='lat' dir='ltr'><strong>Nova</strong></span> <span class='ocrx_word' id='word_1_207' title='bbox 467 3526 553 3578; x_wconf 84' lang='lat' dir='ltr'><strong>Editio</strong></span> <span class='ocrx_word' id='word_1_208' title='bbox 571 3536 632 3578; x_wconf 90' lang='lat' dir='ltr'><strong>tom.</strong></span> <span class='ocrx_word' id='word_1_209' title='bbox 644 3528 677 3578; x_wconf 90' lang='lat'><strong>11.</strong></span> <span class='ocrx_word' id='word_1_210' title='bbox 695 3527 798 3576; x_wconf 87' lang='lat' dir='ltr'><strong>Parisiis</strong></span> <span class='ocrx_word' id='word_1_211' title='bbox 819 3522 895 3573; x_wconf 82' lang='grc'><strong>1723.</strong></span> <span class='ocrx_word' id='word_1_212' title='bbox 914 3523 957 3573; x_wconf 89' lang='lat' dir='ltr'><strong>fol.</strong></span> <span class='ocrx_word' id='word_1_213' title='bbox 975 3539 1033 3588; x_wconf 87' lang='lat' dir='ltr'><strong>pag.</strong></span> <span class='ocrx_word' id='word_1_214' title='bbox 1046 3521 1106 3573; x_wconf 84' lang='grc'><strong>291.</strong></span> <span class='ocrx_word' id='word_1_215' title='bbox 1120 3540 1174 3587; x_wconf 87' lang='lat' dir='ltr'><strong>sqq.</strong></span> <span class='ocrx_word' id='word_1_216' title='bbox 1204 3521 1311 3585; x_wconf 86' lang='lat' dir='ltr'><strong>[Editio-</strong></span> 
     </span>
     <span class='ocr_line' id='line_1_31' title="bbox 213 3609 1309 3679; baseline -0.002 -17"><span class='ocrx_word' id='word_1_217' title='bbox 213 3613 253 3662; x_wconf 86' lang='lat' dir='ltr'><strong>nis</strong></span> <span class='ocrx_word' id='word_1_218' title='bbox 275 3613 366 3675; x_wconf 88' lang='lat' dir='ltr'><strong>prioris</strong></span> <span class='ocrx_word' id='word_1_219' title='bbox 388 3620 449 3664; x_wconf 89' lang='lat' dir='ltr'><strong>tom.</strong></span> <span class='ocrx_word' id='word_1_220' title='bbox 466 3614 491 3675; x_wconf 89' lang='grc' dir='ltr'><strong>Ι,</strong></span> <span class='ocrx_word' id='word_1_221' title='bbox 518 3630 575 3679; x_wconf 85' lang='lat' dir='ltr'><strong>pag.</strong></span> <span class='ocrx_word' id='word_1_222' title='bbox 593 3612 653 3664; x_wconf 81' lang='grc'><strong>119.</strong></span> <span class='ocrx_word' id='word_1_223' title='bbox 671 3609 744 3674; x_wconf 84' lang='lat' dir='ltr'><strong>sqq]</strong></span> <span class='ocrx_word' id='word_1_224' title='bbox 771 3612 814 3659; x_wconf 88' lang='lat' dir='ltr'><strong>ubi</strong></span> <span class='ocrx_word' id='word_1_225' title='bbox 840 3610 963 3659; x_wconf 86' lang='lat' dir='ltr'><strong>videndus</strong></span> <span class='ocrx_word' id='word_1_226' title='bbox 987 3618 1026 3660; x_wconf 85' lang='lat' dir='ltr'><strong>est</strong></span> <span class='ocrx_word' id='word_1_227' title='bbox 1052 3611 1116 3660; x_wconf 89' lang='lat' dir='ltr'><strong>liber</strong></span> <span class='ocrx_word' id='word_1_228' title='bbox 1136 3612 1181 3660; x_wconf 91' lang='lat'><strong>111.</strong></span> <span class='ocrx_word' id='word_1_229' title='bbox 1212 3627 1268 3676; x_wconf 88' lang='lat' dir='ltr'><strong>cap.</strong></span> <span class='ocrx_word' id='word_1_230' title='bbox 1286 3611 1309 3662; x_wconf 88' lang='grc'><strong>3.</strong></span> 
     </span>
    </p>
   </div>
   <div class='ocr_carea' id='block_1_7' title="bbox 213 3698 1284 3850">
    <p class='ocr_par' dir='ltr' id='par_1_7' title="bbox 213 3698 1284 3850">
     <span class='ocr_line' id='line_1_32' title="bbox 264 3698 1097 3750; baseline 0.011 -1"><span class='ocrx_word' id='word_1_231' title='bbox 264 3735 270 3749; x_wconf 93' lang='grc'><strong>.</strong></span> <span class='ocrx_word' id='word_1_232' title='bbox 283 3698 342 3750; x_wconf 89' lang='grc'><strong>311.</strong></span> <span class='ocrx_word' id='word_1_233' title='bbox 355 3701 385 3750; x_wconf 91' lang='grc' dir='ltr'><strong>Β.</strong></span> <span class='ocrx_word' id='word_1_234' title='bbox 1093 3728 1097 3734; x_wconf 90' lang='grc'><strong><em>·</em></strong></span> 
     </span>
     <span class='ocr_line' id='line_1_33' title="bbox 213 3714 1284 3850; baseline -0.001 -16"><span class='ocrx_word' id='word_1_235' title='bbox 213 3714 264 3764; x_wconf 59' lang='lat' dir='ltr'><strong>Pstg</strong></span> <span class='ocrx_word' id='word_1_236' title='bbox 286 3783 351 3848; x_wconf 85' lang='grc'><strong>195)</strong></span> <span class='ocrx_word' id='word_1_237' title='bbox 370 3803 427 3850; x_wconf 83' lang='lat' dir='ltr'><strong>pag.</strong></span> <span class='ocrx_word' id='word_1_238' title='bbox 441 3785 500 3835; x_wconf 84' lang='grc'><strong>291.</strong></span> <span class='ocrx_word' id='word_1_239' title='bbox 520 3788 565 3835; x_wconf 88' lang='lat' dir='ltr'><strong>sed</strong></span> <span class='ocrx_word' id='word_1_240' title='bbox 583 3785 639 3833; x_wconf 84' lang='lat' dir='ltr'><strong>vide</strong></span> <span class='ocrx_word' id='word_1_241' title='bbox 657 3795 722 3844; x_wconf 89' lang='lat' dir='ltr'><strong>quae</strong></span> <span class='ocrx_word' id='word_1_242' title='bbox 739 3796 786 3830; x_wconf 89' lang='lat' dir='ltr'><strong>uos</strong></span> <span class='ocrx_word' id='word_1_243' title='bbox 805 3797 882 3845; x_wconf 87' lang='lat' dir='ltr'><strong>supra</strong></span> <span class='ocrx_word' id='word_1_244' title='bbox 899 3783 1074 3833; x_wconf 82' lang='lat' dir='ltr'><strong>adnotavimus</strong></span> <span class='ocrx_word' id='word_1_245' title='bbox 1091 3799 1148 3847; x_wconf 81' lang='lat' dir='ltr'><strong>pag.</strong></span> <span class='ocrx_word' id='word_1_246' title='bbox 1163 3783 1204 3833; x_wconf 81' lang='grc'><strong>37.</strong></span> <span class='ocrx_word' id='word_1_247' title='bbox 1218 3786 1284 3834; x_wconf 87' lang='lat' dir='ltr'><strong>med.</strong></span> 
     </span>
    </p>
   </div>
   <div class='ocr_carea' id='block_1_8' title="bbox 186 3871 1309 4279">
    <p class='ocr_par' dir='ltr' id='par_1_8' title="bbox 186 3871 1308 4104">
     <span class='ocr_line' id='line_1_34' title="bbox 284 3871 530 3936; baseline -0.012 -15"><span class='ocrx_word' id='word_1_248' title='bbox 284 3871 350 3933; x_wconf 86' lang='grc'><strong>196)</strong></span> <span class='ocrx_word' id='word_1_249' title='bbox 369 3889 427 3936; x_wconf 81' lang='lat' dir='ltr'><strong>pag.</strong></span> <span class='ocrx_word' id='word_1_250' title='bbox 441 3871 482 3921; x_wconf 81' lang='lat'><strong>35.</strong></span> <span class='ocrx_word' id='word_1_251' title='bbox 493 3887 530 3932; x_wconf 88' lang='lat' dir='ltr'><strong>sq.</strong></span> 
     </span>
     <span class='ocr_line' id='line_1_35' title="bbox 186 3953 1308 4020; baseline -0.003 -12"><span class='ocrx_word' id='word_1_252' title='bbox 186 3967 190 3975; x_wconf 91' lang='grc'><em>·</em></span> <span class='ocrx_word' id='word_1_253' title='bbox 283 3956 349 4020; x_wconf 84' lang='grc'><strong>197)</strong></span> <span class='ocrx_word' id='word_1_254' title='bbox 368 3961 399 4008; x_wconf 91' lang='lat' dir='ltr'><strong>In</strong></span> <span class='ocrx_word' id='word_1_255' title='bbox 415 3956 521 4005; x_wconf 82' lang='lat' dir='ltr'><strong>historia</strong></span> <span class='ocrx_word' id='word_1_256' title='bbox 538 3953 708 4003; x_wconf 83' lang='lat' dir='ltr'><strong>ecclesiastica</strong></span> <span class='ocrx_word' id='word_1_257' title='bbox 725 3954 844 4005; x_wconf 84' lang='lat' dir='ltr'><strong>Rcmcnsi</strong></span> <span class='ocrx_word' id='word_1_258' title='bbox 863 3956 901 4004; x_wconf 86' lang='lat' dir='ltr'><strong>ed.</strong></span> <span class='ocrx_word' id='word_1_259' title='bbox 924 3954 1095 4005; x_wconf 75' lang='lat' dir='ltr'><strong>colvenerius.</strong></span> <span class='ocrx_word' id='word_1_260' title='bbox 1131 3957 1214 4006; x_wconf 90' lang='lat' dir='ltr'><strong>Duaci</strong></span> <span class='ocrx_word' id='word_1_261' title='bbox 1234 3955 1308 4005; x_wconf 83' lang='grc'><strong>1617.</strong></span> 
     </span>
     <span class='ocr_line' id='line_1_36' title="bbox 211 4037 580 4104; baseline 0.003 -12"><span class='ocrx_word' id='word_1_262' title='bbox 211 4040 248 4094; x_wconf 77' lang='lat'><strong>8⁰.</strong></span> <span class='ocrx_word' id='word_1_263' title='bbox 278 4046 354 4104; x_wconf 62' lang='grc'><strong>11111,</strong></span> <span class='ocrx_word' id='word_1_264' title='bbox 373 4057 428 4104; x_wconf 79' lang='lat' dir='ltr'><strong>cap.</strong></span> <span class='ocrx_word' id='word_1_265' title='bbox 445 4041 466 4088; x_wconf 88' lang='grc'><strong>1.</strong></span> <span class='ocrx_word' id='word_1_266' title='bbox 484 4054 542 4103; x_wconf 81' lang='lat' dir='ltr'><strong>pag.</strong></span> <span class='ocrx_word' id='word_1_267' title='bbox 555 4037 580 4087; x_wconf 84' lang='grc'><strong>4.</strong></span> 
     </span>
    </p>

    <p class='ocr_par' dir='ltr' id='par_1_9' title="bbox 210 4125 1309 4279">
     <span class='ocr_line' id='line_1_37' title="bbox 283 4125 1309 4196; baseline -0.001 -17"><span class='ocrx_word' id='word_1_268' title='bbox 283 4125 349 4187; x_wconf 84' lang='grc'><strong>198)</strong></span> <span class='ocrx_word' id='word_1_269' title='bbox 369 4127 414 4176; x_wconf 86' lang='lat' dir='ltr'><strong>cfr.</strong></span> <span class='ocrx_word' id='word_1_270' title='bbox 426 4127 508 4187; x_wconf 77' lang='lat' dir='ltr'><strong>Perta,</strong></span> <span class='ocrx_word' id='word_1_271' title='bbox 526 4126 691 4176; x_wconf 79' lang='lat' dir='ltr'><strong>Monumenta</strong></span> <span class='ocrx_word' id='word_1_272' title='bbox 705 4126 855 4177; x_wconf 85' lang='lat' dir='ltr'><strong>Germaniae</strong></span> <span class='ocrx_word' id='word_1_273' title='bbox 871 4129 1007 4196; x_wconf 61' lang='lat' dir='ltr'><strong>Historica,</strong></span> <span class='ocrx_word' id='word_1_274' title='bbox 1026 4128 1146 4192; x_wconf 83' lang='lat' dir='ltr'><strong>Scriptor.</strong></span> <span class='ocrx_word' id='word_1_275' title='bbox 1166 4135 1226 4177; x_wconf 88' lang='lat' dir='ltr'><strong>tom.</strong></span> <span class='ocrx_word' id='word_1_276' title='bbox 1239 4129 1309 4188; x_wconf 88' lang='lat' dir='ltr'>VIII,</span> 
     </span>
     <span class='ocr_line' id='line_1_38' title="bbox 210 4211 546 4279; baseline -0.012 -14"><span class='ocrx_word' id='word_1_277' title='bbox 210 4230 269 4279; x_wconf 76' lang='lat' dir='ltr'><strong>pag.</strong></span> <span class='ocrx_word' id='word_1_278' title='bbox 280 4211 340 4265; x_wconf 82' lang='grc'><strong>291.</strong></span> <span class='ocrx_word' id='word_1_279' title='bbox 359 4227 422 4266; x_wconf 80' lang='lat' dir='ltr'><strong>vers.</strong></span> <span class='ocrx_word' id='word_1_280' title='bbox 436 4211 478 4263; x_wconf 80' lang='grc'><strong>39.</strong></span> <span class='ocrx_word' id='word_1_281' title='bbox 491 4227 546 4276; x_wconf 88' lang='lat' dir='ltr'><strong>sqq.</strong></span> 
     </span>
    </p>
   </div>
   <div class='ocr_carea' id='block_1_9' title="bbox 0 0 1380 4844">
    <p class='ocr_par' dir='ltr' id='par_1_10' title="bbox 0 0 1380 4844">
     <span class='ocr_line' id='line_1_39' title="bbox 0 0 1380 4844; baseline 0 3"><span class='ocrx_word' id='word_1_282' title='bbox 0 0 1380 4844; x_wconf 95' lang='lat' dir='ltr'><strong> </strong></span> 
     </span>
    </p>
   </div>
  </div>
 </body>
</html>
