2752 4844
682 380 724 448 37

236 554 276 619 In
298 553 359 620 hoc
376 554 459 621 libro
472 556 563 621 locus
578 556 632 621 ille
647 555 687 621 de
701 555 806 621 Durio
820 554 949 621 flumine
964 556 1133 640 omittitur,
1154 580 1249 642 quem
1348 553 1350 556 ’

147 658 247 725 habet
267 658 372 745 prima
392 658 488 724 huius
509 660 615 745 operis
631 660 775 726 recensio
785 662 838 743 ¹⁵¹)
855 682 914 726 nec
928 683 993 726 non
1007 659 1166 727 secundae
1181 661 1248 726 edi-

146 763 244 829 tionis
272 762 401 829 codices
426 763 566 828 familiae
587 764 630 828 A.
646 763 705 845 ¹⁵²)
757 762 873 846 Neque
900 772 1008 831 tamen
1034 764 1147 830 vitium
1169 763 1248 831 illud

145 866 209 931 hoo
229 875 341 932 nostro
363 867 446 933 libro
467 875 573 932 ortum
596 888 666 932 esse
687 865 762 932 inde
780 875 925 953 apparet,
948 867 1035 952 quod
1050 868 1106 951 qui
1119 868 1247 933 tertiam

146 970 363 1035 recensionem
393 968 545 1036 exhibent
569 968 643 1034 libri
665 993 775 1036 omnes
797 969 908 1036 ecdem
929 970 1047 1035 lacuna
1068 971 1246 1037 deforman-

145 1083 208 1138 tur.
238 1073 310 1140 Hos
332 1082 440 1139 sutem
462 1096 503 1139 ex
524 1071 637 1139 eodem
659 1073 746 1138 fonte
768 1084 857 1140 ortos
879 1096 950 1140 esse
966 1073 1246 1158 ostendemus¹⁶³),

144 1200 186 1242 ex
208 1199 271 1262 quo
293 1175 388 1242 huius
410 1174 558 1242 editionis
583 1176 694 1260 (scilic.
710 1177 883 1261 secundae)
906 1177 981 1243 libri
1001 1178 1049 1242 illi
1070 1179 1138 1243 neti
1160 1186 1245 1259 sunt,

144 1280 201 1364 qui
223 1278 265 1345 ad
278 1280 432 1346 familiam
447 1279 486 1344 B.
502 1281 679 1366 pertinent3
703 1302 801 1364 quere
824 1280 865 1345 nd
887 1279 1086 1365 praedictum
1101 1279 1245 1347 codicem

145 1382 230 1466 (cod.
243 1383 302 1468 X.)
316 1384 429 1448 vitium
444 1382 525 1447 illud
538 1382 755 1448 reducendum
771 1384 843 1467 erit,
855 1382 942 1468 quod
957 1383 1072 1451 deinde
1087 1386 1120 1450 in
1135 1406 1245 1451 omnes

143 1485 272 1552 codices
298 1486 439 1552 familiae
460 1486 501 1552 Β.
529 1487 667 1573 irrepsit.
724 1485 880 1553 (iudicem
909 1511 986 1555 vero
1014 1497 1159 1554 nostrum
1187 1510 1245 1554 cur
1319 1474 1322 1479 ⁵

143 1589 294 1656 Salmasii
322 1590 483 1675 quondam
511 1591 674 1676 exemplar
695 1591 794 1657 finisse
816 1578 1017 1657 cohtenderit
1039 1590 1160 1660 Christ.
1182 1591 1242 1679 Pe7

142 1703 248 1758 tersen
264 1697 315 1776 ¹⁵⁴)
346 1694 379 1759 id
403 1695 497 1779 plnne
518 1695 718 1782 ignoramus3
748 1717 852 1780 neque
873 1697 978 1783 magis
999 1695 1243 1764 D'Aveznciunr

141 1796 348 1882 intelligimus
375 1797 432 1861 ubi
454 1795 742 1885 Cosmographiam
770 1798 883 1864 scribit
911 1799 1024 1866 eadem
1051 1801 1170 1888 pagina
1195 1801 1243 1864 in·

142 1899 250 1982 cipere
277 1920 342 1983 qun
363 1898 521 1964 Aetbicus
551 1900 591 1964 ab
613 1899 814 1986 Hieronymo
835 1903 1009 1968 translatus
1031 1903 1163 1989 explicit
1178 1905 1242 1985 155),

142 2025 241 2085 quum
262 2001 338 2066 Iulii
359 2001 496 2068 Honorii
517 2002 652 2086 librum,
677 2004 705 2070 si
726 2002 856 2087 quidem
879 2002 1038 2092 Ostnlogo
1061 2005 1163 2072 MSS.
1186 2005 1243 2070 Bi-

141 2105 320 2172 bliothecae
348 2105 538 2172 Parisiensis
565 2104 688 2194 Regiae
716 2106 781 2171 ulle
802 2107 883 2174 fides
905 2117 970 2191 est,
999 2131 1062 2174 non
1085 2109 1243 2175 Aethicus

141 2210 292 2294 excipiat,
314 2209 370 2275 sed
395 2209 530 2294 „Brevis
553 2208 761 2298 chronologia
784 2208 968 2281 Geneseos“
992 2221 1055 2278 etc.
1070 2214 1121 2297 158)

227 2419 306 2487 Β.2.
353 2417 686 2486 Ood.Vnticanus
708 2421 922 2490 Palatinus
947 2423 1060 2490 1357.
1083 2421 1241 2486 membru·

138 2544 257 2588 urceus
288 2523 322 2589 in
350 2522 405 2588 fol.
443 2543 527 2588 saec.
552 2522 650 2592 XIII.
689 2525 722 2588 in
751 2521 860 2591 Gallis
888 2533 944 2593 aut
974 2522 1150 2589 Germania
1177 2547 1242 2588 una

137 2647 233 2690 manu
255 2634 415 2692 exaratus.

224 2728 354 2796 Insunt:
376 2731 430 2796 fol.
447 2731 479 2797 2.
500 2727 615 2816 Imago
632 2729 759 2812 mundi3
783 2769 824 2780 -—
846 2731 901 2797 fol.
918 2733 970 2800 20.
1001 2730 1090 2814 „Inc
1112 2732 1242 2797 nomina

138 2832 201 2898 XI.
225 2856 292 2919 reg.
322 2833 553 2902 continentium
581 2833 664 2903 infra
691 2857 727 2900 se
748 2857 839 2921 prov.
862 2832 981 2905 CXIII
1120 2835 1240 2901 Valen-

139 2992 336 3002 ...ψ-...-

208 3075 275 3138 151)
294 3080 339 3127 cfr.
358 3079 405 3127 Iul.
417 3080 526 3130 Honorii
544 3083 672 3146 Excerptn
689 3084 729 3131 cd.
743 3082 853 3132 Gronov.
872 3099 898 3146 p.
912 3080 971 3130 664.

210 3159 275 3223 152)
294 3164 340 3212 cfr.
358 3164 443 3213 locum
462 3180 538 3228 quern
555 3181 588 3215 ex
606 3169 662 3215 cod.
675 3167 755 3216 Puris.
768 3168 856 3230 Suppl.
870 3165 930 3216 685.
956 3168 1036 3216 Isnnc.
1046 3168 1154 3218 Vossius
1165 3170 1239 3220 effert

137 3253 163 3300 iu
180 3249 254 3299 Notis
276 3250 310 3298 nd
331 3249 456 3314 Pompon.
474 3252 559 3303 Mene
579 3252 623 3302 lib.
640 3254 689 3313 111,
713 3269 768 3316 666.
788 3253 811 3303 1.
831 3250 904 3317 (pag.
917 3252 977 3303 527.
1006 3255 1046 3304 en
1066 3253 1193 3317 Gronov.)
1213 3266 1239 3306 et

136 3338 258 3386 Petcrsen
275 3336 292 3385 1.
305 3352 327 3385 6.
344 3351 403 3399 pag.
418 3335 476 3386 196.

206 3418 273 3482 153)
292 3422 369 3472 scilic.
389 3437 422 3472 ex
440 3424 527 3474 codice
545 3423 579 3474 X.
597 3440 663 3475 6666.
677 3424 743 3475 VII?
766 3427 797 3475 de
821 3441 871 3489 quo
894 3427 1006 3480 tabulam
1023 3428 1142 3492 inspicies
1161 3444 1237 3492 quum

135 3523 192 3571 pag.
206 3505 248 3555 29.
267 3507 455 3558 dellueuvimus.
619 3508 623 3515 '

207 3589 274 3654 151)
292 3594 309 3642 1.
322 3609 345 3643 6.
357 3610 415 3658 psg.
431 3595 490 3645 172.
508 3597 562 3646 init.
582 3596 628 3645 cfr.
648 3611 712 3659 quoe
730 3611 807 3661 supra
824 3599 998 3648 annotavimus
1011 3601 1043 3650 de
1055 3601 1143 3651 codice
1155 3601 1234 3651 Paris.

134 3680 264 3744 Supplem.
277 3678 337 3729 665.
356 3677 424 3742 (vide
441 3697 500 3745 pag.
513 3679 567 3743 32.)

205 3761 273 3825 155)
292 3767 378 3816 Verbo
393 3768 547 3818 D’Arezncii
565 3765 638 3831 (pag.
651 3765 720 3829 294)
739 3770 803 3819 11666
821 3779 893 3819 snut:
913 3770 986 3828 „Une
1004 3773 1175 3834 pmticnlnrite
1192 3789 1234 3822 en·

134 3853 226 3912 616666,
244 3851 306 3901 c'est
323 3867 372 3915 que
390 3854 415 3903 16
431 3853 631 3919 Cosmogrnphie
648 3857 760 3919 vulgaire
777 3843 927 3918 D'Ethicns,
945 3857 988 3918 qui
1007 3873 1070 3910 nous
1089 3874 1184 3922 occupe
1202 3874 1234 3906 on

134 3953 163 3986 ce
186 3945 312 3999 moment,
336 3954 482 3990 commence
507 3958 550 3990 sur
573 3941 599 3990 16
620 3956 685 4004 page
708 3943 790 3991 meme
813 3943 846 3991 oh
870 3943 925 3992 linit
945 3942 969 3992 le
991 3944 1053 3992 livre
1077 3935 1169 3993 tradiit
1189 3958 1234 4005 pur

132 4021 264 4073 Je‘rome“.

205 4106 271 4170 156)
291 4110 368 4162 Hunc
387 4113 501 4165 codicem
520 4113 606 4163 laudat
631 4115 709 4164 16666.
725 4114 832 4165 Vossius
852 4116 879 4167 iu
899 4115 972 4164 Notis
994 4116 1025 4163 nd
1043 4115 1131 4178 Pomp.
1150 4116 1233 4164 Melno

136 4197 178 4244 lib.
188 4196 233 4256 Ill,
253 4212 307 4260 666.
321 4196 345 4246 9.
366 4193 489 4257 (Gronov.
508 4214 565 4261 png.
580 4196 651 4258 598).
679 4201 745 4250 Vide
763 4217 840 4265 supra
855 4216 913 4264 pag.
926 4200 969 4252 22.
981 4216 1004 4249 6.
1018 4200 1101 4249 linem.
