2752 4844
669 422 732 491 127

235 595 288 662 31.
321 592 417 661 Ood.
430 593 727 682 Massiliensis,
743 596 778 666 S.
790 597 944 664 Victor.
960 602 1055 684 410,
1071 621 1154 667 saec.
1167 599 1248 665 ΧΠ.

147 707 312 779 exaratus3
335 699 431 765 inest=
457 698 687 785 „tAethicus
710 700 756 768 de
778 698 1137 791 cosmographia“.

232 875 285 942 32.
332 871 426 938 Cod.
442 871 597 941 Montis
618 876 921 961 Pessulani²⁹⁸)‚
945 876 1078 945 Schol.
1102 878 1246 944 Medic.

144 975 196 1060 H,
219 978 307 1045 374.
353 974 489 1042 Oollect.
512 977 716 1044 Bouhierian.
740 979 792 1064 D,
816 982 868 1049 62.
894 1003 978 1047 saec.
994 980 1059 1065 XI,
1071 982 1126 1068 ²⁹⁹)
1149 1005 1249 1048 mem-

144 1081 321 1146 branaceus
343 1079 376 1144 in
398 1081 444 1146 4⁰.
960 1115 963 1121 ·

231 1182 362 1250 Insunu
391 1183 445 1249 fol.
466 1187 609 1252 1-541.
639 1184 781 1250 Ethici
804 1183 1143 1274 Cosmographia,
1166 1210 1248 1272 quae

143 1287 272 1374 incipit:
305 1286 444 1372 „Incipit
465 1286 547 1353 liber
569 1285 806 1376 Cosmographi
826 1288 936 1355 Ethici
958 1288 1141 1378 philosophi
1163 1291 1248 1356 stillo

143 1390 250 1458 editus
279 1399 313 1456 et
340 1391 381 1457 ab
409 1391 598 1458 Hieronimo
632 1391 808 1479 presbitero
837 1393 871 1457 in
899 1393 1033 1458 latinum
1061 1393 1246 1459 translatus.

142 1493 412 1581 Philosophorum
427 1495 573 1562 scedulas
587 1495 698 1584 sagaci
712 1493 924 1582 indagacione
938 1497 1154 1585 investigans“
1164 1503 1246 1582 etc.;

145 1636 185 1646 -
208 1598 263 1663 fol.
281 1601 451 1668 55-591.
477 1598 642 1685 Incipiunt
665 1599 866 1664 curiositates
886 1597 976 1664 urbis
997 1597 1121 1665 Romae
1142 1601 1247 1686 regio·

142 1725 219 1766 num
241 1701 358 1767 XIIII.
383 1725 456 1769 cum
477 1704 644 1769 breviariis
666 1703 741 1768 suis.
790 1700 914 1789 „Regio
939 1704 1044 1789 prima
1064 1712 1160 1789 porta
1182 1699 1246 1767 Oa·

142 1808 246 1891 peoa“
270 1813 349 1884 etc.;
381 1843 423 1854 -
451 1806 506 1871 fol.
523 1807 575 1873 60.
607 1805 722 1889 „Beati
744 1807 844 1893 igitur
865 1805 1028 1872 Methodii
1049 1807 1192 1893 episcopi
1214 1815 1247 1870 et

142 1907 293 1993 martyris
315 1905 403 1971 dicta
426 1907 466 1972 de
487 1928 584 1993 greco
606 1909 640 1970 in
654 1908 794 1971 vlatinum
812 1909 984 1974 transferre
999 1931 1175 1974 sermonem
1191 1931 1245 1974 cu-

141 2010 231 2073 ravi“
262 2017 323 2074 etc.
368 2009 431 2074 Est
459 2007 622 2075 Methodii
648 2032 752 2075 sermo
785 2009 846 2092 „de
875 2013 1146 2077 consummatione
1175 2034 1246 2077 sae·

141 2111 238 2196 euli“,
261 2134 334 2178 oum
356 2111 561 2199 praefatione.

228 2289 280 2357 33.
319 2285 413 2354 Cod.
434 2287 766 2372 Mortlakiensis,
795 2289 961 2356 Ioannis
982 2271 1150 2378 Dee³⁰⁰)‚
1178 2290 1244 2372 80,
1319 2315 1324 2322 ·

140 2392 400 2458 membranaceus
422 2391 456 2455 in
478 2391 565 2456 folio.

227 2495 331 2560 Inest:
369 2494 534 2578 „Ethioi
568 2494 808 2580 philosophi
839 2492 1158 2582 Cosmographia
1187 2519 1245 2581 per

139 2599 183 2664 D.
206 2597 442 2685 Hieronymum
464 2595 713 2666 Stredonensem
735 2598 790 2662 lat.
815 2599 999 2662 conversa“.

227 2756 280 2824 321.
316 2751 408 2819 cod.
425 2750 691 2836 oxoniensis,
712 2710 1110 2835 nroraooruanae,
1132 2753 1243 2818 erasos

138 2860 200 2943 VI,
216 2858 286 2925 cod.
299 2856 413 2923 Thom.
426 2855 564 2942 Bodleii,
576 2856 615 2923 F.
628 2858 658 2925 3.
675 2879 743 2923 nro.
760 2857 857 2929 2389.
871 2859 925 2940 22,
937 2857 991 2943 θυι)
1005 2855 1219 2923 membranae.

142 3021 340 3030 ——-—-——-

209 3111 277 3174 290)
295 3114 345 3163 hoc
364 3123 403 3163 est
415 3099 625 3178 '„Montpellier‘.
1177 3131 1180 3135 ’

208 3193 277 3258 200)
297 3197 342 3247 cfr.
367 3197 525 3262 „Ostalogne
548 3199 650 3262 general
673 3200 718 3249 des
743 3199 894 3248 manuscrits
914 3199 955 3247 -de
978 3198 1170 3261 Bibliotheques
1192 3199 1242 3249 Pn-

139 3287 237 3348 bliques
256 3285 300 3334 des
318 3285 526 3349 Departements‚
549 3286 635 3348 pnblie
660 3299 719 3333 sous
742 3284 780 3333 les
798 3284 924 3349 Auspices
947 3285 981 3334 du
1004 3285 1117 3334 ministrs
1136 3287 1167 3334 de
1184 3286 1242 3336 l'In·

138 3371 260 3423 sanction
278 3371 406 3434 publique.
443 3372 524 3420 Tome
541 3371 659 3435 premier.
694 3370 778 3431 Paris,
801 3371 958 3434 Imprimerie
976 3369 1129 3420 nationnle“.
1165 3369 1241 3420 1840.

137 3454 180 3509 ⁴⁰.
208 3472 266 3521 pag.
279 3455 340 3506 435.
354 3455 452 3506 -Sed
470 3456 516 3506 cir.
528 3457 627 3507 Haenel
640 3455 774 3520 „catalogi
791 3457 913 3507 librorum
929 3456 1174 3522 manuscriptorum“
1193 3467 1240 3508 eto.

137 3545 240 3609 Lipsiae
260 3540 337 3593 1830.
355 3541 398 3592 ⁴⁰.
416 3557 475 3607 pag.
488 3542 547 3593 230.
568 3545 611 3607 qni
629 3544 743 3611 codicem
762 3552 893 3594 exaratum
910 3557 967 3594 esse
986 3544 1073 3594 scribit
1091 3557 1156 3594 saec.
1170 3545 1240 3594 XIV.

142 3661 172 3670 -
191 3629 235 3679 cfr.
256 3629 332 3678 etiam
349 3629 432 3691 Perta,
449 3629 546 3679 Archiv
563 3637 611 3680 etc.
630 3636 692 3679 tom.
704 3629 763 3691 VII,
780 3644 839 3693 pag.
852 3627 912 3679 204.

209 3710 280 3776 300)
299 3713 344 3764 ch.
362 3715 419 3765 Tho
436 3715 536 3766 Privata
556 3716 690 3780 Diaryof
710 3716 756 3764 Dr.
775 3715 846 3765 John
868 3717 938 3777 Deo,
961 3717 1012 3765 and
1035 3716 1078 3766 the
1101 3713 1240 3778 cnonogue

138 3801 168 3851 oi
183 3802 223 3851 his
241 3800 349 3863 Librnry
366 3800 397 3851 of
411 3799 486 3852 MSS.
504 3801 571 3850 from
589 3801 632 3850 tho
650 3801 758 3864 original
774 3799 829 3850 MS.
847 3801 874 3850 in
892 3802 935 3851 the
948 3801 1106 3850 Ashmolean
1123 3801 1239 3850 Muscam

136 3895 164 3938 at
185 3887 298 3947 onore,
322 3887 373 3935 and
395 3887 493 3952 Trinity
517 3885 622 3951 college
644 3885 763 3950 Libram,
787 3884 947 3949 Cambridge.
983 3887 1074 3937 Edited
1097 3886 1131 3952 by
1151 3887 1239 3936 James

138 3972 253 4024 Orchard
272 3971 397 4022 Halliwall
414 3973 475 4037 Esq.
511 3973 629 4036 London,
647 3971 747 4036 printed
765 3970 806 4020 for
823 3972 866 4022 the
885 3971 1000 4023 Camden
1017 3971 1128 4036 society.
1162 3969 1239 4021 1842.

136 4055 179 4107 ⁴⁸.
209 4072 267 4122 pag.
282 4055 323 4106 75.

206 4137 275 4203 301)
294 4141 340 4193 cir.
360 4142 494 4208 „Catalogi
516 4145 602 4195 libror.
620 4142 696 4194 MSS.
714 4142 824 4207 Angliao
846 4151 872 4195 et
888 4146 1025 4197 Hiberniae
1045 4145 1072 4194 in
1090 4144 1237 4194 nnmncol·

134 4226 211 4278 leoti⁴⁸
230 4234 277 4277 cet
316 4228 433 4279 Oxoniae
453 4228 529 4280 1097.
561 4231 605 4280 fol.
636 4245 694 4294 pag.
709 4227 805 4280 lats.
837 4233 930 4282 tomi
