2752 4844
721 363 785 432 158

202 536 347 624 apicibus
373 538 491 605 uostris
518 537 598 604 nihil
625 558 792 604 commune
819 539 954 624 relinqui
981 561 1054 605 cum
1077 538 1305 628 Glagolitieis?

203 639 301 723 Quod
323 640 452 726 quidem
474 641 603 708 minime
624 641 716 708 nobis
739 641 977 708 cdncedendum
1000 651 1057 708 est

211 854 217 863 '
289 849 317 914 Ι.
360 848 505 913 Primum
528 848 611 917 enim
639 847 805 933 -quod
833 847 883 915 ad
903 847 1132 915 litterarum
1154 850 1304 916 formas

202 952 351 1018 attinet
376 990 415 1003 -
438 951 495 1018 ubi
515 953 623 1039 paullo
646 951 828 1019 accuratius
856 974 910 1018 eas
933 951 1019 1018 inter
1039 974 1074 1019 se
1096 974 1304 1040 comparave-

201 1057 256 1139 ris,
279 1055 387 1121 statim
410 1055 578 1142 apparebit
599 1078 664 1121 non
685 1055 789 1122 inesse
810 1055 849 1122 iis
867 1054 977 1139 talem,
999 1043 1125 1141 qualem
1139 1054 1303 1142 Hauptius

201 1159 297 1243 dicit,
325 1157 545 1224 differentiam.
601 1156 688 1223 Nam
719 1157 783 1223 etsi
807 1160 977 1225 nonnullae
1004 1159 1092 1248 apud
1113 1158 1301 1225 Hrabannm

201 1271 344 1330 rrostrum
365 1263 492 1328 litterae
514 1262 547 1327 in
572 1262 691 1327 formas
714 1257 928 1347 Glagoliticas
956 1284 1019 1328 non
1048 1262 1226 1348 quadrant,
1255 1271 1303 1328 ta·

202 1391 275 1435 men
304 1366 357 1432 alii
385 1365 501 1431 ductus
529 1364 706 1430 litterarum
735 1371 768 1430 et
793 1364 827 1429 in
848 1365 976 1453 linguae
998 1366 1066 1432 eius
1088 1364 1303 1451 quamumodo

202 1470 359 1552 diximus,
387 1469 474 1534 etin
496 1467 621 1533 tabellis
644 1464 812 1554 Gyrilliani
835 1466 997 1553 alphabeti
1007 1470 1063 1552 ³⁷⁶)
1087 1468 1303 1551 inveniuntur,

201 1575 256 1659 qui
280 1580 389 1661 aperte
411 1570 615 1637 consentiunt
637 1593 709 1635 cum
731 1571 771 1636 iis
793 1571 907 1636 litteris
927 1594 1009 1656 quae
1023 1571 1176 1638 Ethicum
1191 1581 1302 1639 aucto-

118 1728 121 1735 .
201 1701 268 1744 rem
297 1675 357 1742 sibi
385 1674 551 1755 vindicant
561 1675 629 1756 ³⁷¹³).
674 1673 811 1739 Etiamsi
840 1684 943 1741 autem
965 1675 1075 1741 Ethici
1101 1675 1302 1742 characteres

200 1779 315 1845 litteris
326 1776 531 1866 Glagoliticis
553 1777 658 1843 minus
681 1777 858 1844 conformes
881 1788 997 1864 essent,
1019 1779 1082 1846 hoc
1096 1779 1130 1844 in
1147 1788 1216 1861 tam
1233 1801 1301 1845 cor·

201 1891 295 1970 rupto
318 1882 459 1948 omnium
482 1881 771 1966 manuscriptorum
801 1886 887 1967 statu
914 1882 1120 1948 nullomodo
1142 1882 1302 1948 admiran-

201 1987 278 2052 dum
304 1986 395 2050 foret.
441 1984 544 2051 Vides
572 1983 656 2050 enim
691 1993 886 2071 quantopere
921 1985 1037 2052 ductus
1062 1986 1243 2052 litterarum
1270 1987 1303 2051 in

201 2089 333 2177 singulis
355 2089 445 2155 libris
467 2087 661 2174 discrepant,
683 2087 730 2152 ita
752 2094 788 2153 ut
810 2111 919 2155 eorum
934 2090 989 2174 qui
1003 2088 1109 2155 medic
1125 2111 1205 2154 aevo
1221 2086 1302 2154 Cos·

200 2192 421 2282 mcgraphiam
450 2192 647 2276 descripsere
673 2192 869 2280 negligentia
895 2193 999 2258 forma
1023 2215 1081 2259 sua
1102 2192 1240 2279 pristina
1261 2191 1302 2257 ad

200 2305 327 2362 nostras
343 2317 456 2361 manus
470 2294 600 2359 minime
616 2295 798 2378 pervenisse
817 2288 995 2363 videantur.
1030 2295 1150 2380 Quain
1166 2319 1200 2360 re
1215 2295 1302 2361 haud

201 2397 520 2486 praetermittendum
546 2398 621 2480 erit,
649 2396 838 2463 Hrabanum
861 2397 1014 2465 Maurum
1034 2399 1141 2485 ipsum
1162 2395 1302 2467 scribere

203 2504 255 2586 „in
277 2503 347 2566 istis
369 2501 483 2567 litteris
507 2524 540 2566 se
562 2501 629 2566 falli
651 2510 684 2566 et
704 2502 738 2566 in
754 2501 911 2587 aliquibus
926 2502 1040 2568 vitium
1055 2505 1183 2590 agere“‚
1206 2500 1302 2568 disci-

199 2607 355 2694 pulosque
385 2627 457 2675 eum
484 2613 522 2669 ut
550 2603 720 2670 emendent
747 2605 827 2670 vitia
855 2605 1019 2672 adhortari
1033 2607 1106 2688 ³⁷⁷).
1162 2604 1303 2671 Accedit

201 2708 287 2796 quod
310 2709 537 2773 elementorum
565 2692 661 2772 etiam
684 2705 952 2796 Glagoliticorum
981 2709 1215 2775 diversissimae
1236 2707 1301 2773 for-

200 2835 271 2878 mae
300 2817 427 2893 extant,
457 2831 536 2892 quas
564 2811 619 2875 vix
649 2810 776 2876 eosdem
805 2812 920 2878 ductus
949 2811 1115 2900 designare
1138 2810 1299 2891 crederes3

201 2936 296 3001 quam
318 2913 489 2979 forrnarum
513 2909 722 2980 differentiam
744 2916 901 2981 neminem
930 2914 1069 3002 effugere
1090 2937 1184 3002 posse
1206 2924 1301 3002 puta·

200 3017 300 3085 verim
329 3016 384 3102 qui
412 3016 590 3083 litterarum
612 3015 873 3086 Sclavouicarum
899 3017 1025 3087 tabulas
1053 3019 1104 3085 vel
1125 3018 1230 3085 obiter
1251 3020 1301 3086 in-

270 3225 337 3288 375)
357 3227 455 3279 Vereor
476 3242 510 3279 nc
532 3229 598 3281 sorte
620 3244 651 3281 ea
672 3232 699 3282 in
721 3245 748 3280 re
766 3230 873 3280 lectores
891 3231 1023 3292 haereant,
1049 3232 1117 3294 quod
1135 3232 1301 3294 coquentibus

198 3316 298 3380 paginis
321 3314 456 3378 alphabeto
476 3313 627 3378 Glagolitioe
650 3323 676 3367 et
693 3315 832 3379 Gyrilliano
853 3317 997 3380 promiscue
1018 3318 1118 3380 saepius
1140 3318 1180 3366 usi
1202 3333 1300 3369 sumus.

198 3402 255 3451 Hoc
273 3407 358 3450 autem
376 3414 433 3450 eam
451 3400 484 3450 ob
502 3403 627 3454 rationem
644 3401 740 3451 sacuam
757 3409 808 3463 cst,
834 3404 893 3465 quia
910 3410 1041 3468 tantopere
1058 3405 1085 3453 in
1103 3404 1220 3454 omnibus
1238 3419 1301 3455 con·

199 3487 323 3547 sentiunt,
346 3492 375 3535 ut
398 3486 506 3536 alterum
528 3494 561 3537 ert
584 3487 664 3536 altero
687 3487 848 3550 desumptum
870 3503 926 3539 esse
947 3497 1040 3553 pateat
1077 3490 1135 3552 Qua
1155 3490 1188 3539 dc
1205 3504 1233 3540 re
1252 3491 1300 3541 cir.

198 3572 344 3633 Linhart,
363 3571 478 3623 Versuch
497 3574 567 3624 einer
580 3571 731 3622 Gcschiclrte
748 3587 799 3622 ron
810 3574 891 3623 Krain
908 3582 956 3625 etc.
979 3583 1040 3626 tom.
1052 3577 1085 3638 11,
1103 3591 1161 3640 pag.
1172 3575 1232 3626 353.
1243 3591 1300 3641 sqq.

198 3658 293 3719 Kohl,
318 3658 457 3709 Introduct.
480 3658 618 3709 inhiator.
642 3665 669 3707 et
689 3673 744 3708 rem
764 3660 868 3714 litterar.
886 3659 1019 3712 slavorum
1041 3669 1089 3713 etc.
1110 3676 1169 3725 pag.
1181 3660 1226 3712 80.
1245 3671 1299 3713 not.

197 3739 407 3809 Dobrc'wsky,
430 3744 603 3795 Institutioncs
626 3743 728 3808 linguae
751 3745 864 3798 Slavicac
888 3755 936 3797 etc.
957 3763 1016 3812 pag.
1035 3748 1059 3796 5.
1078 3754 1104 3797 et
1121 3747 1185 3796 alios
1203 3750 1249 3810 qui
1267 3751 1300 3798 de

197 3831 286 3880 litteris
304 3830 458 3881 sclavonicis
476 3830 612 3879 sententias
631 3832 772 3882 edidemnt.
807 3834 860 3885 Nos
877 3834 945 3884 infra
959 3833 1194 3892 ¹demonstrabimus
1212 3837 1301 3898 apices

198 3915 331 3980 cyrillicos
349 3931 383 3966 ex
401 3915 558 3978 Glagoliticis
575 3916 723 3982 desumptcs
743 3933 806 3970 esse.

266 4000 335 4064 376)
353 4002 419 4052 Vide
436 4000 561 4050 Tabulam
579 4016 655 4066 quam
671 4003 757 4055 libello
775 4011 862 4056 nostro
880 4004 1026 4055 adiecimus.

268 4085 336 4148 377)
355 4086 401 4136 cfr.
421 4085 534 4148 Goldast,
551 4087 646 4138 Renum
657 4089 816 4141 Alamannia.
834 4090 975 4154 Scriptores
994 4097 1042 4141 etc
1060 4096 1121 4140 tom.
1133 4087 1166 4151 Π,
1184 4103 1244 4153 pag.
1255 4089 1299 4142 66.

197 4181 222 4223 et
239 4173 378 4236 Hauptinm
396 4172 427 4221 de
445 4172 494 4224 hoc
511 4173 569 4225 loco
587 4175 758 4238 disputantem
775 4176 792 4226 l.
806 4190 827 4226 c.
846 4191 904 4240 pag.
920 4174 960 4224 10.
