2752 4844
589 396 652 463 117

76 590 79 596 ·
150 569 361 633 Accentus
383 567 528 651 *denique
556 570 710 655 perpauci
739 577 864 634 tantum
890 571 924 635 in
950 571 1032 636 libro
1058 579 1168 637 nostro

62 671 275 755 inveniuntur,
298 670 421 737 scilicet
442 670 589 757 inscripti
611 671 760 738 vocibus:
784 672 905 740 faceret
920 673 952 760 (f.
969 670 1067 762 29¹.);
1090 670 1168 741 meiss

61 773 149 841 liflua
172 774 204 860 (f.
223 777 322 859 50¹.);
347 777 484 858 suosque
508 773 540 861 (f.
559 774 635 862 57.).

148 983 179 1060 2.
227 977 366 1045 Codex
387 980 589 1068 Lugduno
610 982 795 1052 Batavus
816 981 1059 1066 Vossianus,
1088 982 1165 1048 Ira·

60 1085 169 1150 tinus
197 1083 236 1147 in
264 1081 438 1168 Quarto,
470 1085 553 1154 113.
583 1080 728 1174 signatus
756 1085 832 1150 olim
853 1085 916 1170 84,
944 1087 1064 1153 saeculi
1083 1084 1164 1152 XII.

60 1188 207 1253 foliorum
231 1188 286 1270 90,
308 1188 568 1254 membranaceus
581 1188 646 1275 ²⁷¹).

147 1289 263 1356 Codex
291 1290 482 1356 nitidissime
507 1292 645 1378 scriptus
668 1300 732 1372 est3
761 1293 796 1357 in
817 1295 960 1382 margine
982 1292 1036 1357 fol.
1053 1290 1120 1359 901.
1142 1314 1165 1358 a

59 1417 155 1459 manu
183 1395 304 1460 librarii
334 1394 452 1482 legitur
480 1394 634 1477 ,Liber
663 1393 698 1462 S.
727 1394 902 1483 Benigni
930 1394 1016 1459 D’“'
1039 1392 1163 1459 idest:

58 1497 160 1563 Liber
183 1494 217 1565 S.
241 1485 379 1585 Benigni
401 1498 617 1565 Divionensis.
662 1498 788 1565 Eadem
816 1499 935 1585 pagina
962 1496 1087 1564 scribae
1108 1519 1165 1561 no-

59 1624 132 1668 men
154 1601 293 1685 exhibet,
315 1622 390 1666 nam
412 1602 446 1667 in
467 1602 530 1668 fine
551 1601 633 1667 haec
655 1602 782 1669 adiecta
804 1610 894 1669 sunt:

138 1705 191 1770 isi
214 1705 318 1770 istut
341 1705 459 1770 crisit
480 1728 555 1792 ugo
579 1727 627 1771 au
650 1709 707 1791 [=
727 1705 816 1772 istud
837 1705 966 1792 scripsit
986 1703 1085 1794 Hugo

341 1801 344 1806 ’
513 1817 625 1873 auctor
649 1809 711 1896 (?)]

58 1919 92 1976 et
114 1909 197 1974 infra
216 1909 367 1997 legimus:
403 1908 482 1991 „Ille
503 1909 569 1974 lina
591 1957 599 1974 .
624 1911 896 1999 sumtuiflde[...]s
917 1911 1106 1977 florebunt“.

147 2010 187 2076 ln
209 2012 353 2100 margine
375 2013 538 2098 superiore
559 2012 627 2078 solii
651 2013 718 2082 66¹ss
751 2036 889 2079 amanu
910 2015 1079 2079 recentiori
1100 2012 1163 2081 hoc

57 2115 247 2182 adnotatum
270 2124 336 2182 est:

263 2266 265 2270 -
381 2241 464 2285 anno
484 2214 546 2284 dii
566 2219 606 2285 M
621 2211 681 2286 OC
696 2217 846 2285 LXXX.

144 2321 393 2389 Emendationes
416 2346 497 2408 quae
518 2323 552 2388 in
574 2319 830 2410 cosmographia
848 2321 970 2409 ¹passim
990 2328 1163 2388 occurrunt

57 2449 77 2491 a
91 2425 196 2511 prima
208 2414 330 2490 librarii
343 2449 440 2492 manu
455 2426 585 2492 additae
598 2426 756 2494 videntur.
789 2425 942 2513 Singulae
956 2427 1094 2514 paginae
1107 2425 1159 2494 38.

58 2550 170 2595 versus
193 2531 366 2596 continent.

147 2631 317 2716 Oodieem,
339 2635 400 2700 etsi
423 2633 464 2699 ab
486 2656 551 2699 una
571 2656 668 2698 manu
691 2640 840 2698 exaratus
863 2641 927 2715 est,
954 2640 1062 2697 tamen
1083 2630 1160 2695 olim

56 2737 90 2800 in
113 2744 250 2819 quatuor
270 2747 379 2824 partes
401 2737 538 2804 divisum
554 2737 663 2820 fuisse,
686 2736 941 2803 membranarum
964 2735 1070 2799 colore
1093 2732 1159 2798 evi·

57 2840 169 2904 denter
197 2839 447 2907 demonstratur·
494 2839 603 2923 Quare
636 2842 777 2927 priorem
808 2840 926 2906 librum
961 2837 1161 2904 constituunt

55 2943 110 3008 fol.
129 2943 273 3021 17-38'.
295 2944 406 3009 folium
428 2942 566 3030 primum
587 2955 667 3010 rect.
689 2946 879 3032 inscriptum
901 2950 952 3009 est
975 2942 1048 3024 ,fot
1072 2943 1159 3024 50.“,

54 3047 103 3111 ita
123 3055 160 3110 ut
181 3047 235 3114 49.
256 3047 334 3111 folia
356 3047 512 3114 excidisse
533 3048 626 3112 facile
650 3048 825 3113 credamus.
871 3045 1002 3112 Daretis
1022 3033 1174 3131 Phrygii¹

55 3149 191 3213 historia
213 3147 354 3213 Troiana
377 3149 448 3233 (fol.
465 3149 646 3235 39—46·.)
675 3151 772 3214 alium
800 3137 916 3214 librum
941 3149 1018 3215 olim
1041 3147 1159 3213 consti·

54 3252 135 3335 tuit,
164 3251 254 3317 cuius
282 3260 389 3317 tamen
417 3251 543 3316 initium
572 3250 779 3317 desideratur.
824 3251 896 3317 Fol.
920 3252 972 3318 39.
996 3251 1157 3336 signatum

55 3364 105 3421 est
136 3354 261 3438 „Dares
283 3353 413 3443 Frigius
439 3356 633 3442 pag.129.“
679 3355 826 3421 Tertium
848 3353 992 3420 codicem
1015 3352 1157 3418 efficiunt
1268 3437 1272 3444 ι

54 3459 108 3524 fol.
124 3460 286 3538 47-70¹;
309 3467 385 3544 post
404 3459 459 3525 fol.
476 3458 528 3526 63.
552 3468 608 3524 out
629 3482 727 3525 unum
746 3458 858 3524 folium
880 3466 937 3523 aut
956 3457 1055 3544 plura
1071 3454 1159 3521 exci-

55 3562 179 3628 derunt.
215 3560 359 3645 Quartus
381 3561 517 3647 denique
538 3562 641 3629 codex
656 3563 720 3650 (fol.
738 3563 906 3650 71—901.)
927 3559 1157 3650 geographiam

56 3668 208 3753 anonymi
230 3667 624 3753 auctoris-complectitur.

143 3769 241 3835 Hunc
261 3769 378 3836 librum
400 3769 462 3860 ipsi
483 3772 688 3836 excussimus.

125 3948 196 4011 271)
215 3952 290 4002 Hunc
308 3953 430 4013 codicem,
449 3954 587 4016 signatum:
606 3953 686 4022 Isaac
706 3951 791 4000 Vossii
809 3948 887 4000 2409.
906 3949 948 4000 st.
967 3951 1070 4016 laudant
1087 3949 1154 4006 „Ca-

54 4038 132 4101 talogi
151 4038 272 4087 librorum
284 4036 358 4088 MSS.
371 4039 479 4103 Angliao
498 4047 523 4088 ct
541 4039 678 4088 Hibemiao
695 4039 723 4087 in
740 4052 817 4086 unum
834 4036 950 4087 collecti“
963 4045 1010 4087 otc.
1038 4035 1154 4085 Oxoniao

54 4121 133 4174 1697.
153 4123 197 4174 iol.
216 4131 277 4174 tom.
289 4123 323 4185 11,
341 4140 365 4188 p.
379 4124 460 4175 65.Α.
479 4133 504 4176 ot
521 4127 547 4175 in
559 4123 680 4174 Biblioth.
692 4118 906 4174 Bibliothecarnm
918 4120 1008 4182 tomi,
1020 4135 1045 4193 p,
1057 4118 1152 4171 ctus.

54 4210 164 4262 column.
179 4208 202 4262 1.
220 4210 442 4262 Montefalconius.
469 4211 515 4263 etr.
535 4211 611 4263 etiam
622 4210 704 4272 Perta,
717 4209 811 4264 Archiv
828 4216 876 4260 eto.
894 4215 958 4258 tome
968 4207 1026 4270 VII,
1038 4220 1062 4272 p.
1078 4205 1136 4258 136.
