2752 4844
675 422 695 487 6

133 598 311 685 Herigerus
326 598 383 678 ¹⁹),
406 605 519 660 auctor
539 593 693 660 Chronici
709 593 968 678 Cameracensis,
992 597 1048 682 qui
1070 599 1176 686 vulgo
1202 602 1260 668 di.

135 703 221 766 citur
241 701 430 766 Baldericus
451 700 583 765 Rubeus
595 703 648 782 ²⁰),
670 700 771 786 Hugo
792 699 1044 764 Elaviniacensis
1057 700 1113 784 ²¹),
1139 700 1259 771 Chro-

135 804 321 891 nographus
349 805 563 869 Ferrariensis
581 808 640 887 ²²),
677 811 789 867 auctor
815 802 979 867 Historiae
1014 827 1177 872 annorum
1200 813 1255 896 ²³)

139 908 380 992 1264-1279,
404 909 558 973 Albertus
581 907 723 994 Magnus
736 909 789 989 ²⁴),
811 906 904 971 Felix
919 905 1091 972 Malleolus
1108 910 1258 992 (Haem-

137 1013 262 1095 merlin)
277 1017 330 1097 ²⁵),
353 1011 502 1076 Valerius
524 1013 700 1076 Eaventius
712 1010 765 1090 2ss).

227 1117 363 1183 Saeculo
393 1114 507 1181 deinde
529 1115 632 1198 XVI,
661 1114 696 1178 id
718 1121 767 1178 est
789 1123 863 1197 post
886 1113 1022 1197 primam
1046 1111 1257 1206 Cosnrogra-

137 1219 233 1306 phiae
257 1221 429 1284 editionem
453 1220 526 1283 anni
551 1222 646 1301 1575,
674 1216 713 1282 de
736 1216 876 1283 Aethieo
900 1214 1116 1283 disseruerunt
1139 1221 1256 1292 Iosias

138 1323 319 1407 simler²⁷),
341 1322 528 1387 Hadrianus
548 1322 662 1386 Iunius
674 1322 727 1403 ²⁸),
750 1319 882 1384 Marcus
904 1319 1070 1385 Welserus
1083 1324 1144 1403 29).

164 1457 166 1460 ’
227 1426 363 1493 Saeculo
386 1425 506 1490 XVII:
540 1427 702 1491 Antonius
723 1425 917 1489 Possevinus
930 1426 997 1506 ³⁰),
1019 1423 1160 1493 Ioannes
1186 1431 1254 1499 Sa.

138 1531 288 1596 varonius
310 1532 379 1613 ³¹),
422 1530 577 1595 Nicolaus
617 1529 790 1614 Belgicrus
806 1529 872 1611 ³²),
920 1526 1057 1592 Iacobus
1096 1529 1253 1601 Sirmon.

139 1743 235 1805 bytero.
272 1743 361 1794 Studio
381 1744 473 1809 Georg.
494 1744 637 1796 Colvenerii
695 1742 785 1792 Duaci.
815 1737 890 1790 1617.
914 1736 957 1790 8⁰.
980 1741 1024 1790 ubi
1041 1743 1098 1791 ride
1116 1743 1217 1799 librum
1228 1753 1252 1812 1,

140 1843 194 1892 cap.
211 1829 233 1878 1.
251 1845 309 1892 pag.
323 1829 347 1881 l.

211 1912 260 1978 19)
280 1917 359 1967 Gesta
374 1918 559 1980 Episcoporum
570 1914 759 1975 Laodamiam,
778 1914 844 1976 apud
856 1913 938 1972 Pertz,
956 1912 1123 1976 Monumenta
1136 1917 1252 1974 Germa.

139 2002 197 2051 niae
209 2003 344 2065 Historica,
363 2004 520 2067 Scriptorum
538 2011 599 2052 tom.
612 2001 669 2060 VH,
687 2015 745 2063 pag.
760 1999 819 2048 181.
838 2015 901 2049 vers.
917 1997 957 2047 11.
971 2013 1026 2060 sqq.

210 2087 260 2150 20)
281 2091 427 2140 Chronicon
440 2091 624 2139 Cameracense
643 2095 668 2136 et
680 2087 847 2137 Atrebatense
859 2088 899 2136 ed.
914 2086 944 2137 G.
958 2086 1131 2149 colvenerius,
1150 2091 1250 2148 Duaci,

142 2172 217 2224 1615.
241 2173 283 2226 8⁰.
306 2177 350 2226 ubi
367 2178 424 2226 vide
441 2176 484 2224 lib.
497 2177 518 2236 I,
537 2191 591 2238 cap.
606 2173 630 2222 3.
649 2182 675 2223 et
691 2175 805 2223 Monuni.
820 2175 938 2225 German.
954 2174 1020 2223 Hist.
1033 2172 1078 2222 SS.
1107 2182 1170 2227 tom.
1184 2181 1250 2248 VH,

139 2275 195 2324 pag.
209 2261 269 2312 103.
288 2272 340 2312 not.
352 2264 376 2311 d.
688 2281 694 2288 ³

209 2346 259 2409 21)
278 2349 356 2412 Apud
368 2349 450 2407 Pertz,
467 2347 582 2396 Menum.
597 2345 681 2396 Germ.
694 2346 831 2409 Historica,
845 2347 965 2410 Scriptor.
978 2355 1039 2396 tom.
1052 2347 1122 2407 VIII,
1140 2364 1166 2412 p.
1181 2352 1247 2406 291,

140 2448 203 2482 vers.
218 2433 259 2484 36.
273 2451 328 2497 sqq.
349 2441 374 2483 et
391 2449 448 2496 pag.
464 2431 524 2493 262,
541 2448 606 2481 vers.
622 2432 662 2482 12.
676 2448 714 2496 sq.

209 2516 261 2580 22)
279 2520 357 2583 Apud
368 2520 500 2579 Muratori‚
510 2519 650 2582 Scriptores
662 2522 757 2570 Rerum
767 2521 919 2570 italicarum.
938 2527 999 2570 tom.
1012 2520 1081 2569 VIII.
1100 2536 1125 2582 p.
1137 2519 1200 2574 174.
1211 2529 1245 2579 Β,

209 2603 259 2666 23)
277 2606 355 2668 Apud
367 2606 449 2666 Perta,
467 2607 581 2655 Manum.
595 2607 713 2657 German.
740 2607 860 2670 Scriptor.
873 2615 934 2656 torn.
947 2608 992 2668 XI,
1011 2623 1035 2670 p.
1047 2604 1106 2654 652.
1119 2622 1184 2658 vers.
1201 2613 1244 2666 13,

210 2689 259 2752 21)
278 2693 353 2741 Beati
364 2692 463 2741 Alberti
480 2693 567 2756 Magni
585 2694 776 2745 Ratisbonensis
793 2695 974 2757 Episcopi
991 2692 1076 2755 Opera
1094 2696 1243 2752 omnia

139 2779 269 2838 recognita
280 2793 326 2841 per
338 2779 441 2827 Petrum
452 2781 556 2844 Iammy.
578 2783 648 2831 XXI.
661 2781 728 2831 Voll.
756 2782 783 2829 in
796 2781 839 2828 101.
864 2780 982 2841 Lugduni
997 2777 1072 2827 1651.
1086 2793 1140 2842 sqq.
1160 2784 1206 2833 ubi
1219 2805 1242 2837 v,

140 2869 200 2910 tom.
210 2864 241 2912 V.
254 2865 345 2914 librum
358 2866 389 2914 de
401 2874 490 2916 natura
501 2868 626 2930 locorum3
645 2875 779 2918 tractatum
790 2867 836 2927 III,
855 2881 909 2928 cap.
922 2862 997 2913 1-9.
1019 2880 1077 2927 pag.
1089 2864 1242 2922 282-292.

210 2946 260 3010 25)
279 2952 306 3000 in
323 2953 483 3017 Dialogo'dc
500 2955 637 3004 Nobilitate
655 2963 681 3004 01
698 2953 854 3002 Rusticitate.
879 2952 923 3000 101.
945 2949 1040 3000 101.Α.
1051 2968 1106 3015 sqq.

210 3032 260 3097 26)
271 3021 305 3086 in
322 3040 387 3090 libro
405 3042 445 3091 De
463 3043 588 3090 montium
606 3041 710 3103 origine.
746 3039 860 3087 Venetiis
882 3037 956 3086 1561.
984 3039 1029 3087 101.

210 3119 259 3180 27)
278 3126 305 3173 10
321 3126 437 3190 Epistola
453 3129 617 3178 Dedicatoria
635 3141 711 3188 quarn
728 3125 843 3174 laudatae
862 3125 965 3174 editioni
983 3127 1133 3189 praetexuit.

208 3207 258 3270 28)
276 3212 334 3267 1000
353 3229 430 3277 supra
446 3215 548 3263 laudato
565 3211 664 3277 0263.

209 3292 259 3356 29)
277 3299 372 3348 Rerum
389 3301 595 3362 Augustanarum
612 3298 801 3346 Vindelicorum
820 3296 1001 3345 Commentarii
1087 3309 1135 3341 nec
1153 3311 1206 3345 non
1224 3318 1241 3350 a

138 3381 219 3443 primo
237 3385 360 3434 deductae
378 3385 493 3440 coloniae
511 3384 624 3442 adusque
641 3397 664 3428 a.
679 3380 772 3430 Christi
791 3380 867 3428 1502.
886 3379 1005 3426 historiae
1024 3379 1249 3436 continuationem·

139 3471 308 3520 continentes:
331 3485 377 3532 per
398 3471 431 3517 D.
449 3469 527 3516 Marc.
540 3465 695 3524 Welserum,
720 3465 853 3525 patricium
874 3463 1063 3524 Augusteum,
1087 3473 1144 3514 octo
1167 3468 1238 3522 libris

138 3558 281 3619 conscripti.
308 3547 693 3604 Franeoi.adM0enum1591.
716 3549 760 3597 101.
779 3549 839 3597 min.
864 3549 907 3596 ubi
919 3549 974 3596 vide
986 3549 1077 3598 librum
1088 3551 1134 3612 III,
1146 3568 1171 3615 p.
1182 3554 1225 3607 28,

209 3637 258 3698 30)
277 3640 384 3687 Antonii
401 3636 532 3686 Posseviui
549 3635 689 3695 Mantuani,
705 3633 763 3684 Soc.
775 3634 842 3695 Iesu,
860 3636 1020 3685 Bibliotheca
1031 3637 1130 3687 Selecta
1147 3642 1179 3689 de
1198 3660 1238 3694 ra.

138 3725 206 3771 tione
225 3723 379 3771 Studiorum.
416 3721 540 3771 Coloniae
551 3719 707 3783 Agrippinae
732 3718 808 3770 1607.
836 3721 881 3770 101.
909 3723 952 3770 ubi
969 3724 1025 3772 vide
1043 3724 1135 3774 librum
1152 3728 1237 3782 XVII.

139 3808 170 3855 de
187 3808 259 3868 00601
278 3814 304 3854 01
319 3808 425 3869 pictura,
444 3823 498 3870 cap.
512 3807 536 3855 5.
555 3822 612 3870 pag.
626 3805 686 3856 410.
706 3815 731 3857 01
749 3822 803 3870 cap.
817 3806 860 3856 29.
878 3824 936 3871 pag.
948 3807 1008 3858 153.

210 3886 259 3949 31)
280 3891 326 3939 Cei
338 3891 410 3941 Sollii
420 3893 594 3957 Appollinaris
606 3889 712 3957 Sidonii,
721 3894 893 3944 Arvernorum
904 3895 1033 3959 Episcopi,
1044 3895 1136 3960 Opera.
1155 3900 1237 3954 Paris.

141 3971 215 4022 1609.
235 3972 277 4024 4⁰.
296 3977 339 4025 ubi
357 3979 413 4028 vide
431 3980 537 4043 Epistol.
555 3996 580 4043 p.
595 3980 654 4032 512.
673 3990 699 4032 et
718 3981 829 4032 carmin.
847 3998 872 4046 p.
888 3981 932 4030 57.

209 4057 259 4121 32)
278 4062 318 4111 De
336 4065 443 4127 publicis
462 4074 488 4117 01
503 4068 651 4118 militaribus
669 4069 772 4132 Imperii
783 4069 892 4117 Romani
909 4069 963 4118 viis.
987 4069 1019 4118 ci.
1031 4069 1154 4120 Thesaur.
1173 4078 1239 4126 anti-

137 4147 199 4289 guit.
212 4147 346 4198 Romanar.
366 4152 405 4200 ed.
418 4153 439 4203 Ι.
453 4152 484 4203 G.
499 4153 628 4206 Graevius.
647 4164 707 4207 tom.
720 4155 752 4205 X.
777 4156 892 4205 Veneriis
913 4154 988 4204 1736.
1007 4155 1051 4204 101.
1069 4171 1095 4220 0.
1108 4155 1169 4207 225.
1181 4176 1239 4226 sqq.

152 4267 157 4279 .
172 4231 274 4283 1-11,
