2736 4838
750 364 793 432 60

307 643 429 711 Β.1.0.
476 641 571 709 Ood.
594 640 856 708 Monacensis
883 643 981 727 Aug.
1005 639 1080 707 Ies.
1106 641 1167 707 14.
1202 639 1332 707 charta·

220 767 307 831 ecus,
329 748 514 814 0111111514.
538 747 736 834 negligenter
750 745 899 828 scriptus,
920 743 1055 809 infolio.
1088 741 1330 811 Fuitconradi

219 850 415 938 Peutingeri,
437 860 550 937 postea
572 850 764 915 Iesuitarum
785 849 1059 935 Augustanomm.

306 988 436 1055 Insunt:
459 989 512 1054 fol.
532 991 560 1055 1.
584 996 681 1053 recto.
704 983 1056 1052 Pseudo-Acthici
1075 982 1328 1075 Cosmogra-

219 1090 331 1177 phia‚
359 1092 420 1157 ita:
455 1090 563 1174 „Ine
587 1088 908 1177 Cosmographia
935 1089 1119 1156 feliciter
1143 1111 1233 1154 cum
1257 1089 1327 1154 Iti-

218 1195 393 1260 nerariis
416 1197 498 1261 suis
521 1204 560 1261 et
580 1193 769 1281 portibus
796 1200 835 1257 et
857 1215 903 1257 cx
924 1193 1100 1259 fastibus
1121 1190 1325 1260 Romano-

218 1322 301 1365 rum
319 1296 600 1365 et.Consulum
622 1297 849 1362 nominibus
872 1305 910 1361 et
933 1294 1112 1362 diversis
1135 1297 1228 1362 sine
1252 1320 1325 1383 quo

217 1424 330 1465 nemo
352 1402 610 1487 prudentium
632 1423 719 1467 esse
746 1408 892 1487 potest.
938 1397 1153 1466 Lectionum“
1178 1409 1261 1484 etc.;
1289 1441 1320 1453 -

111 1566 117 1574 .
218 1504 419 1571 Itinerarium
441 1507 608 1573 Antonini.

303 1643 410 1712 Huius
438 1645 560 1712 codicis
588 1642 808 1731 apographum
835 1641 987 1709 debemus
1009 1641 1204 1708 humanitati
1226 1643 1320 1709 Pauli

217 1746 322 1831 Roth,
349 1747 526 1816 Professor.
549 1748 802 1836 Marbnrgensis.
848 1745 915 1829 Qui
943 1745 1073 1832 quidem
1093 1745 1195 1830 liber,
1224 1770 1320 1833 quum

216 1873 319 1936 neque
340 1851 518 1920 Florentini
546 1875 649 1939 neque
671 1851 792 1918 codicis
814 1850 980 1918 Itcmensis
1003 1848 1229 1938 apographum
1254 1873 1319 1918 esse

216 1957 334 2041 possit:
357 1958 423 2023 iam
444 1958 588 2044 sequitur
607 1979 648 2023 ex
662 1956 751 2022 fonte
764 1965 875 2021 natum
889 1955 987 2020 fuisse
1000 1953 1178 2022 Parisiensi
1197 1954 1317 2022 codice.

216 2058 394 2125 Florentini
415 2062 499 2126 enim
520 2061 594 2126 libri
616 2058 837 2148 apographum
857 2080 922 2124 non
944 2066 994 2126 est
1014 2057 1056 2124 ob
1078 2057 1227 2142 titulum,
1257 2058 1318 2126 Re·

216 2163 333 2228 mensis
354 2186 431 2230 vero
453 2187 524 2230 eam
546 2171 712 2249 praeterea
733 2163 775 2228 ob
793 2185 933 2246 causam,
956 2162 1031 2247 quia
1047 2162 1142 2248 plane
1157 2163 1317 2230 omittitur

215 2265 414 2352 Pomponius
436 2266 534 2333 Mela.
585 2263 717 2352 Optime
739 2274 846 2331 autem
868 2267 1027 2332 consentit
1048 2288 1121 2332 cum
1143 2266 1317 2333 Parisiensi

216 2368 338 2454 codice,
361 2369 412 2435 cui
435 2370 531 2436 etiam
552 2367 615 2441 hac
636 2370 670 2435 in
691 2393 727 2437 re
749 2369 920 2436 conformis
935 2378 994 2454 est,
1017 2368 1104 2454 quod
1119 2367 1315 2460 Cosmogra-

215 2472 325 2558 phiam
348 2474 451 2542 solum
473 2495 547 2542 cum
568 2473 737 2542 Itinerario
759 2474 915 2542 Antonini
938 2471 1076 2541 exhibet

736 2721 799 2787 ΠΙ.

528 2856 660 2898 comens
683 2856 814 2898 onnlnls
836 2857 944 2899 'rtrum
966 2855 1000 2898 11.

302 2989 343 3054 B.
359 2990 387 3056 1.
404 2987 434 3056 b.
449 2992 478 3059 1.
525 2989 619 3058 cod.
642 2992 869 3059 Vaticanus
892 2988 1202 3058 Ottohonianus
1231 2992 1313 3060 643.

214 3114 297 3160 saco.
312 3092 391 3162 XV.
415 3094 633 3163 mbranaceus.

275 3216 431 3284 ,Insunt2
460 3219 635 3300 Eusebium
660 3259 702 3268 -
724 3218 958 3306 Hieronymum
984 3256 1025 3264 —
1046 3216 1314 3284 Pseudo-Ae-

214 3318 315 3386 thiei
333 3319 675 3409 Cosmographia‚
699 3322 920 3408 quaeincipit:
942 3318 1120 3386 INCIPIT
1137 3317 1313 3390 008Μο-

215 3421 429 3490 GRAPHIA
450 3421 554 3490 CVM
572 3424 859 3493 ITINERARIIS
875 3424 988 3493 SVIS.
1023 3423 1239 3507 „Lectionum
1255 3434 1313 3491 etc.

215 3573 290 3590 .....
331 3525 404 3591 Hae
426 3535 502 3592 sunt
524 3526 564 3593 ab
586 3527 786 3614 Helesponto
807 3552 909 3615 usque
931 3528 973 3594 ad
995 3524 1163 3593 Oceanum
1186 3551 1247 3615 per
1267 3537 1314 3594 to·

214 3640 283 3696 tum
298 3653 449 3718 magnum
464 3631 597 3719 pelagus
611 3632 753 3699 famosae
769 3682 777 3697 .
794 3656 876 3718 quae
894 3642 927 3700 et
942 3632 1029 3698 cultu
1044 3640 1077 3696 et
1092 3634 1315 3720 magnitudine

214 3735 354 3801 celebres
376 3735 564 3801 habentur“.
609 3735 842 3805 EXPLICIT.

300 3854 406 3920 Huius
429 3856 501 3922 libri
523 3865 647 3943 partem
670 3867 815 3925 nostrum
837 3859 870 3923 in
891 3878 984 3923 usum
1006 3856 1167 3943 excerpsit
1184 3856 1313 3922 Ludov.

213 3958 404 4025 Bethmann.
440 3959 495 4025 Ad
512 3960 644 4028 verbum
659 3962 725 4029 fere
740 3962 899 4028 consentit
913 3983 986 4026 oum
1000 3961 1146 4048 proxime
1168 3959 1316 4047 sequenti

213 4061 310 4146 libro,
339 4063 385 4129 ita
412 4071 448 4130 ut
478 4065 612 4132 alterum
643 4089 682 4132 ex
712 4066 811 4134 altero
840 4066 1036 4151 exscriptum
1063 4086 1132 4131 esse
1154 4067 1314 4134 neminem
