2752 4844
673 383 715 450 27

138 553 280 619 omnium
300 561 459 621 terrarum
478 557 512 620 in
532 555 764 644 longitudinem
789 568 823 624 et
842 559 1047 626 latitudinem
1069 565 1246 647 porrectio-

137 680 211 741 nes,
233 667 302 724 tum
324 658 365 726 de
387 661 549 725 mensione
572 661 711 726 universi
734 661 820 729 orbis
843 686 863 728 a
883 664 965 729 Iulio
991 660 1132 730 Caesare
1153 665 1245 743 insti-

112 780 115 788 ·
137 769 209 827 tute
230 764 443 829 narrationem
466 761 639 828 exhibebat
654 766 755 830 multo
772 766 1003 832 accuratiorem
1018 788 1115 852 quam
1131 791 1169 834 ea
1184 778 1243 852 est,

138 888 235 950 quam
261 866 360 932 hodie
385 867 521 954 legimus
546 868 579 932 in
602 864 869 956 Cosmographia.
915 870 1031 956 Neque
1053 894 1129 937 vero
1152 872 1246 957 plura

136 969 170 1034 in
198 967 367 1046 Ohronicls
395 971 458 1037 illis
485 970 680 1054 invenimus,
710 971 825 1056 quibus
849 975 1017 1040 certiorem
1040 975 1179 1061 aliquam
1203 975 1243 1042 de

138 1071 367 1156 „Geometria“
384 1074 546 1140 notionem
564 1076 730 1161 suscipere
751 1098 940 1163 possemus3·
957 1086 1065 1143 tamen
1088 1102 1128 1144 ex
1148 1062 1242 1144 titulo

137 1179 250 1264 operis
266 1177 498 1243 coniiciendum
527 1180 605 1262 erit,
634 1178 816 1259 exhibuisse
841 1181 958 1246 librum
980 1204 1145 1248 mensuras
1167 1205 1242 1268 pro-

136 1281 323 1364 vinciarum,
344 1281 378 1344 ni
399 1281 502 1363 fallor,
525 1304 579 1346 eas
595 1304 728 1366 quarum
746 1291 871 1368 partem
887 1284 974 1369 apud
989 1284 1128 1351 Plinium
1148 1285 1242 1351 alios-

137 1408 216 1468 que,
243 1405 304 1449 nec
330 1407 395 1449 non
419 1385 453 1449 in
476 1384 616 1450 secundo
638 1384 733 1452 Pauli
756 1385 864 1453 Orosii
881 1387 1106 1453 'Historiarum
1134 1390 1240 1474 capite

135 1489 328 1570 invenimus,
358 1487 445 1572 quod
464 1490 621 1576 uolgatae
648 1487 936 1555 Pseudo-Aethici
964 1488 1241 1578 Cosmographiae

136 1593 347 1679 subiungitur.
394 1588 485 1672 Quas
514 1616 564 1660 res
591 1595 732 1658 continet
753 1593 834 1658 liber
856 1593 987 1678 quidem
1010 1595 1138 1681 saepius
1160 1595 1241 1659 iam·

135 1698 199 1762 iam
228 1696 349 1778 editus,
379 1695 437 1760 sed
463 1698 510 1761 ita
538 1697 666 1782 quidem
694 1705 732 1761 ut
757 1695 797 1761 de
820 1697 987 1764 veracius
1010 1707 1240 1763 naturanemo

134 1801 201 1864 fere
222 1799 403 1884 suspicatus
425 1800 467 1864 sit
480 1802 545 1882 ¹³⁰).
590 1800 654 1866 Est
676 1807 784 1865 autem
805 1799 887 1865 liber
907 1801 962 1866 ille
985 1800 1025 1877 de
1048 1822 1111 1885 quo
1136 1802 1242 1888 agitur

135 1901 221 1967 idem
249 1901 316 1966 fere
343 1923 437 1986 quem
466 1925 484 1966 e
513 1901 624 1966 codice
651 1901 812 1966 Vaticano
841 1903 969 1988 signato
998 1905 1071 1970 244.
1104 1903 1241 1986 primum

136 1986 236 2071 edidit
251 2004 407 2069 Emanuel
428 2028 448 2069 a
468 2003 596 2073 Schelst
583 2012 665 2069 trate
676 2004 741 2084 ¹⁸¹),
764 2001 879 2069 deinde
893 2005 1082 2092 Angelus
1054 2004 1165 2071 Maius
1175 2008 1241 2088 ¹³²),

136 2109 272 2194 denique
295 2107 422 2196 QGeorg
451 2108 624 2191 Heinricus
652 2105 760 2186 Bodc
773 2105 833 2170 Dr.
853 2109 924 2189 183).
974 2105 1015 2171 In
1041 2086 1127 2173 hunc
1156 2109 1241 2174 euim

135 2214 251 2279 librum
273 2214 393 2299 optime
408 2212 545 2298 quadrat
565 2232 681 2276 nomen
697 2206 958 2293 ,Geometriae“,
981 2233 1079 2296 quum
1098 2212 1240 2276 omnium

135 2327 291 2384 terrarum
315 2316 355 2381 ab
375 2316 470 2382 India
492 2336 591 2399 usque
615 2313 661 2379 ad·
671 2312 872 2378 Britanniam
895 2336 1059 2381 mensuras
1081 2314 1240 2381 exhibeat

136 2418 293 2504 Quamuis
321 2420 420 2508 igitur
447 2421 481 2484 in
508 2417 570 2483 hoc
597 2416 877 2482 dimensurationis
899 2416 940 2481 ab
962 2418 1114 2504 Augusto
1136 2418 1242 2483 factae

134 2524 306 2611 vestigium
333 2523 454 2589 nullum
482 2519 696 2603 inveniamus,
715 2527 834 2584 tamen
862 2518 996 2594 eundem
1025 2520 1141 2586 librum
1172 2543 1241 2586 esse

136 2627 295 2694 credimus
328 2634 421 2712 qu'e'm
455 2623 688 2691 Chronicorum
724 2619 939 2688 Gothicorum
971 2631 1101 2691 auctor·
1118 2622 1239 2698 laudat.

134 2733 292 2820 Magnam
316 2731 400 2796 enim
422 2728 495 2794 libri
518 2736 642 2814 partem
665 2727 815 2792 amissam
831 2747 900 2791 esse
915 2723 1008 2807 facile
1022 2726 1240 2812 intelligimus,

135 2836 196 2901 nisi
222 2834 306 2900 forte
334 2830 506 2915 dicendum
535 2840 584 2897 est
612 2832 773 2916 epitomen
798 2829 900 2895 videri
923 2829 1053 2895 maioris
1075 2829 1242 2895 cuiusdam

135 2939 241 3025 operis
267 2944 363 3023 atque
385 2936 471 3018 eius,
500 2935 616 3020 quod
607 2957 640 2998 ιιι
662 2934 767 2998 fronte
788 2924 1003 2998 narrationem
1024 2933 1137 2999 habuit
1160 2955 1241 3015 earn,

137 3064 232 3126 quam
249 3039 408 3119 secundae
426 3038 618 3107 recensionis
631 3035 915 3171 Oosmographiee
922 3044 1033 3101 auctor
1047 3034 1123 3101 inde
1137 3045 1241 3100 trans-

137 3143 212 3209 tulit
229 3145 312 3225 ¹³⁴).

209 3302 276 3367 130)
295 3305 340 3355 cfr.
360 3260 457 3357 tamen.
480 3306 626 3368 Antiquitas
649 3302 792 3365 Ecclesiae,
816 3274 1046 3374 dissertationibus,
1069 3304 1240 3366 monimentis,

136 3408 166 3442 ac
185 3393 251 3442 notis
269 3376 401 3453 illustrata,
421 3401 542 3456 opera-et
560 3393 643 3443 studio
661 3390 808 3440 Emchuelis
826 3406 843 3440 a
859 3389 1021 3440 schelstrate.
1048 3389 1162 3439 11.V011
1189 3390 1240 3440 Ro·

136 3493 192 3530 mac
209 3475 275 3529 1592
288 3487 314 3529 et
327 3477 403 3529 1697.
416 3479 461 3529 ιιι.
475 3487 535 3530 torn.
548 3480 581 3530 11.
601 3471 802 3545 „Appendixiad
815 3491 879 3542 opus
891 3473 1113 3540 geographich
1126 3474 1222 3539 p.528.

209 3563 721 3629 131)l..ctom.‚11pcg52o·527.
800 3567 806 3577 “

209 3650 275 3714 132)
296 3653 478 3705 classicorum·
486 3662 619 3704 auctorum
637 3669 651 3703 e
670 3651 799 3703 codicibus
818 3650 948 3739 Vaticanis
966 3649 1036 3699 odit.
1044 3657 1104 3699 torn.
1117 3649 1162 3701 111.
1190 3649 1240 3699 Ro·

136 3754 193 3803 mqe
214 3737 291 3789 1831
328 3733 365 3788 8⁰.
400 3754 459 3803 pag
472 3738 564 3788 410
570 3739 694 3789 415..

209 3822 276 3886 133)
295 3824 437 3887 Scriptores
459 3838 544 3874 rerum
564 3825 732 3888 mythicamm
750 3821 815 3871 edid.
834 3821 880 3870 Dr.
895 3818 987 3884 Georg.
1007 3819 1140 3871 Heinricus
1159 3818 1239 3867 Bode.

136 3919 198 3962 tom.
211 3912 243 3961 11.
282 3909 360 3961 Cellis
381 3907 456 3960 1834.
493 3905 530 3959 8⁰.
566 3907 827 3973 paam-xxm.

209 3994 276 4057 131)
294 3999 325 4046 In
343 3996 392 4046 flue
410 3996 468 4045 libri
486 3997 608 4059 scriptum
625 3995 766 4044 invenimus
780 3992 941 4056 „Epitome
960 3992 1037 4042 totius
1048 3991 1116 4040 orbis
1129 3987 1238 4038 linitur“.

139 4083 202 4134 Cod.
221 4084 350 4133 Palatinus
377 4079 444 4131 1357
468 4080 494 4132 S.
516 4082 665 4146 Hieronymi
682 4093 779 4142 nomen
793 4079 821 4128 ιιι
843 4079 927 4128 fronte
950 4079 1022 4141 gerit.
1057 4077 1088 4126 Iu
1105 4074 1158 4124 hoo
1173 4076 1240 4125 enim

136 4169 202 4219 libro
220 4168 375 4232 geographia
393 4168 430 4217 sic
447 4167 603 4217 inscribitur:
628 4166 763 4226 „leronimi
782 4164 916 4230 prespiteu'
935 4161 1122 4212 demensuratio
1139 4162 1240 4225 provin·

137 4252 258 4304 ciarum“.
269 4271 273 4277 ·
285 4254 411 4317 Equidem
428 4252 560 4318 hucusque
571 4250 645 4303 MSS.
665 4253 765 4303 codices
784 4264 890 4303 numero
900 4250 946 4301 XI.
960 4247 1116 4312 investigavi,
1129 4248 1240 4297 editurus
