2752 4844
650 400 692 468 32

90 624 91 628 ,
121 582 154 640 et
182 575 373 640 Antonino“
404 584 465 640 cet.
521 574 603 640 Post
629 575 899 640 enumerationem
931 572 1047 639 deinde
1074 576 1226 659 marium,

119 678 357 764 provinciarum
379 685 440 742 etc.
463 677 498 741 in
517 677 581 744 hoc
594 678 676 745 libro
692 677 858 744 scribitur:
882 676 1126 761 „EXPLICIT
1141 679 1227 746 EX-

120 779 319 847 POSITIO.
363 781 529 867 Excerpta
557 782 625 847 eius
653 781 808 867 sphaerae
835 782 886 847 vel
913 782 1133 849 continentiae,
1149 806 1228 869 pro-

119 895 193 970 pter
215 885 338 969 aliquos
361 885 523 951 anfractus
544 908 585 950 ne
606 885 787 951 intellectus
808 885 890 949 forte
913 885 1048 972 legentis
1063 885 1227 970 turbetur,

65 1058 66 1061 Ἴ
119 994 151 1051 et
176 987 256 1052 vitia
283 989 376 1054 nobis
404 987 676 1072 adscriberentur,
704 988 758 1053 hic
781 987 1003 1074 exponendum
1026 1011 1096 1054 esse
1119 989 1225 1054 credi-

119 1088 243 1156 dimus“
263 1094 388 1175 etc.¹³⁷)
421 1088 531 1172 Quare
555 1093 713 1159 consentit
736 1091 839 1157 codex
853 1101 962 1157 noster
976 1114 1049 1158 cum
1060 1091 1227 1158 Vaticano

12 1232 17 1246 ·
118 1193 217 1277 3861,
240 1195 286 1259 ita
308 1204 345 1260 ut
367 1194 452 1260 hunc
475 1218 515 1260 ex
536 1195 591 1260 illo
611 1195 807 1282 descriptum
820 1196 919 1261 fuisse
941 1194 1146 1261 statuendum
1169 1197 1224 1261 sit.

116 1294 179 1362 Est
201 1306 319 1382 autem,
342 1298 369 1364 si
391 1296 601 1365 D’Avezacio
624 1298 784 1365 credimus
798 1302 870 1384 ¹³⁸),
893 1299 997 1365 codex
1018 1299 1071 1364 ille
1094 1297 1134 1364 de
1157 1322 1226 1384 quo

118 1401 237 1493 agitur
253 1390 355 1486 ide'nn
385 1425 479 1487 quem
504 1401 681 1470 Salmasius
709 1403 895 1489 possidebat
923 1412 956 1469 et
984 1425 1078 1490 quem
1102 1403 1226 1490 saepis·

118 1504 196 1570 sime
214 1505 326 1583 laudat
347 1506 381 1572 in
395 1504 551 1571 Plinianis
566 1504 862 1573 Exercitationibus
876 1507 930 1591 139)
954 1515 988 1572 et
1010 1509 1043 1571 in
1057 1504 1156 1571 Notis
1179 1505 1226 1572 ad

115 1606 281 1682 Historiae
296 1611 465 1698 Augustae
480 1607 662 1697 Scriptores
675 1613 747 1695 ¹⁴⁰);
771 1611 828 1676 sed
848 1611 956 1677 confer
969 1610 1135 1694 Peterson,
1152 1610 1174 1675 l.
1191 1633 1222 1676 c.

115 1733 190 1798 pag.
216 1713 279 1780 172
301 1713 370 1778 init.
394 1715 449 1798 qui
479 1737 543 1799 qua
570 1715 692 1780 ratione
715 1723 880 1801 permotus
902 1712 973 1779 cod.
994 1714 1098 1780 Paris.
1120 1715 1222 1783 4871.

116 1813 350 1883 Salmasianum
378 1818 454 1882 olim
482 1818 579 1883 firisse
605 1817 737 1902 dixerit,
765 1819 860 1906 plane
882 1818 1076 1905 ignoramus.
1123 1815 1223 1884 Oete-

114 1941 185 1983 rum
207 1919 324 1985 librum
346 1934 491 1987 nostrum
514 1922 649 1988 eundem
672 1945 741 1989 esse
764 1944 827 2007 quo
849 1922 952 1986 utitur
965 1922 1069 1988 Isaac.
1081 1922 1223 1990 Vossius

114 2023 149 2086 in
164 2020 452 2091 Observationibus
467 2025 509 2090 ad
523 2026 638 2113 Pomp.
650 2025 784 2108 Melam,
805 2025 827 2088 l.
842 2023 907 2108 III,
923 2047 993 2113 cap.
1008 2028 1037 2094 1.
1054 2050 1129 2116 pag.
1143 2030 1220 2097 527.

116 2125 165 2192 ed.
184 2125 328 2194 Gronov.
352 2131 417 2195 iam
439 2153 536 2217 supra
559 2128 847 2197 demonstravimus
863 2130 940 2212 ¹⁴¹)„0

202 2318 254 2386 2*
299 2316 393 2384 Ood.
416 2319 641 2388 Vaticanus
664 2319 780 2389 3861.
804 2341 888 2385 saec.
910 2320 957 2386 X.
980 2322 1194 2389 membranae.

201 2421 330 2488 Insunt:
353 2421 659 2496 fol-1—74recto.
705 2421 827 2489 Caesar
849 2423 889 2489 de
912 2423 995 2489 bello
1018 2426 1150 2514 gallico;
1174 2466 1218 2478 -

113 2527 266 2594 f01.74¹:
294 2525 472 2594 INCIPIT
501 2525 731 2615 [CRONIOA
752 2527 872 2594 IVLII
894 2524 1122 2598 CAESARIS
1138 2533 1214 2616 ιω)]

116 2630 218 2715 „Iulio
231 2627 369 2698 Caesare
392 2641 425 2697 et
446 2656 555 2698 marco
579 2633 730 2697 antonino
753 2631 957 2699 consulibus“
982 2642 1043 2699 etc.
1066 2632 1141 2700 vide
1164 2655 1217 2701 su·

114 2757 269 2824 propag.
286 2738 339 2805 20.
356 2760 403 2822 sq.
449 2736 543 2819 Quae
569 2746 676 2803 autern
700 2738 914 2822 sequebantur
935 2747 1011 2823 post
1033 2761 1141 2822 „mare
1162 2762 1218 2804 ru·

113 2838 206 2904 brum
230 2889 237 2905 .
260 2864 348 2907 mare
371 2841 617 2926 arabicumque“
647 2864 685 2906 ea
711 2843 818 2907 omnia
840 2841 1028 2907 exciderunt
1049 2864 1150 2927 usque
1173 2842 1216 2907 ad

114 2953 256 3010 extrema
269 2943 544 3032 Oosmographiae
558 2944 657 3010 verba
674 2946 775 3033 (apud
786 2944 929 3013 Gronov.
945 2967 977 3034 p.
991 2949 1011 3014 7
1013 2947 1080 3028 00).
1105 2942 1215 3024 Quare

111 3049 165 3113 fol.
183 3053 235 3118 75.
251 3060 330 3115 rect.
354 3050 401 3115 sic
424 3047 554 3113 desinit:
578 3046 692 3133 „Quas
714 3061 827 3138 gentes
848 3052 883 3115 in
903 3071 1022 3114 oceano
1037 3043 1213 3110 meridiano

184 3276 251 3342 137)
271 3281 315 3330 cfr.
328 3278 470 3328 D’Avezac.
489 3294 514 3342 p.
529 3276 588 3329 311.
609 3282 652 3344 qui
670 3288 755 3331 tomen
774 3281 887 3330 codicem
905 3291 958 3327 nou
976 3286 1028 3326 tam
1046 3273 1152 3325 fideliter
1170 3277 1212 3326 de-

111 3370 242 3432 scripsisse
267 3381 343 3429 quam
365 3367 506 3415 correxisse
528 3369 613 3431 potius
636 3369 741 3417 videtm.
780 3365 870 3426 Neque
891 3363 959 3412 enim
977 3363 1133 3423 dubitamus,
1157 3363 1212 3414 fore

109 3462 138 3505 ut
160 3457 187 3505 in
210 3455 274 3502 libro
296 3452 341 3499 ilio
360 3452 481 3515 scripturn
500 3455 544 3516 sit,
567 3463 595 3504 ut
612 3453 689 3502 habet
706 3452 762 3500 c'od.
781 3451 896 3499 vatican.
915 3447 991 3498 3864.
1012 3449 1211 3507 „EXCEERTE

109 3541 187 3592 EIVS
206 3538 293 3588 FERE
311 3537 351 3586 vel
369 3540 525 3590 continentia
541 3546 646 3603 propter
662 3537 760 3598 aliquos
779 3536 906 3585 anfractus
924 3550 956 3584 nc
974 3535 1129 3585 intellectum
1146 3535 1211 3586 forte

109 3627 216 3690 legentis
238 3624 392 3686 perturbet.
412 3634 437 3675 et
458 3627 524 3676 vicio
547 3624 621 3674 nobis
644 3623 807 3672 ascribatur.
830 3623 1008 3686 exponendum
1032 3636 1088 3672 esse
1112 3623 1211 3671 censui·

109 3709 195 3763 mus“.

181 3791 247 3855 138)
267 3812 324 3860 pag.
339 3796 398 3859 306,
416 3807 469 3847 not.
485 3797 521 3858 1.;
540 3812 597 3860 pag.
612 3793 670 3855 314,
689 3803 741 3845 not.
755 3795 794 3856 2.;
812 3811 870 3858 pag.
885 3794 944 3844 340.
963 3811 988 3858 p.
1002 3797 1068 3845 med.

180 3878 246 3942 raa)
267 3883 312 3932 ss.
331 3899 388 3947 pag.
403 3862 541 3944 casses
560 3898 618 3946 pag.
633 3881 721 3931 reon.
741 3889 788 3932 ete.
802 3883 918 3931 editionis
930 3882 1037 3932 Parisin.
1053 3879 1129 3947 1⁶2⁹·
1148 3881 1192 3928 fu.

179 3965 246 4029 110)
265 3969 311 4018 cfr.
324 3970 390 4018 Hist
399 3971 508 4032 August
521 3969 670 4033 Scriptores,
679 3976 727 4019 etc.
746 3969 826 4017 Paris.
841 3966 918 4018 1620.
937 3968 983 4019 sol.
1001 3983 1059 4033 pag.
1072 3965 1210 4029 11οΑ.Β.;

107 4070 165 4118 pag.
178 4054 282 4116 247A.;
301 4071 326 4119 p.
340 4054 467 4107 4350.D.

180 4139 247 4202 111)
266 4143 312 4192 cfr.
331 4159 407 4206 supra
424 4158 481 4206 pag.
497 4140 538 4190 18.
551 4157 574 4190 a.
588 4142 630 4190 fin.

180 4207 246 4289 142)
265 4230 357 4291 Verba,
377 4244 440 4292 quse
459 4229 562 4292 virgulis
582 4224 640 4288 [-]
659 4228 815 4288 inclusimus,
834 4241 907 4278 erasa
924 4234 989 4276 sant
1167 4287 1184 4321 ο
