2752 4844
596 373 638 441 19

63 547 110 614 ibi
133 570 189 612 ara
211 555 260 612 est
281 545 448 632 Herculis,
469 546 526 614 ubi
547 570 632 614 nunc
654 556 703 613 est
725 547 911 636 Trigemina
931 554 1046 636 porta“
1072 598 1166 617 ......

66 650 186 734 „habet
204 659 310 715 autem
327 651 416 715 milia
432 653 484 718 [12.
508 650 582 716 Hiis
596 652 686 737 (sici)
703 652 810 716 taliter
827 651 968 718 decursis
983 654 1034 717 vel
1048 655 1168 738 relatis,

62 762 161 842 prout
182 755 329 842 regiones
351 754 440 820 urbis
462 776 535 819 cnm
558 755 692 821 edificiis
714 757 780 821 suis
800 756 866 839 [fol.
886 756 937 823 11.
953 760 1067 841 recto]
1090 758 1167 823 facti

63 866 149 941 sunt,
176 857 393 924 describamus
415 857 576 944 Regiones
592 860 656 942 169).
702 857 756 924 De
777 860 841 925 situ
863 866 896 923 et
919 861 1094 928 structione
1113 884 1167 928 ur·

62 963 114 1029 bis
127 960 252 1027 Romae
274 963 352 1029 satis
374 970 411 1027 ut
431 983 505 1026 reor
526 963 697 1028 memoriae
719 961 873 1027 traditum
896 971 953 1028 est.
990 962 1087 1030 Nune
1102 966 1166 1030 iam

62 1066 151 1132 orbis
179 1065 381 1152 splendorem
409 1064 548 1130 Italiam
572 1066 606 1130 in
636 1066 798 1133 relationis
829 1066 988 1152 principio
1018 1070 1167 1153 ponenda

64 1171 125 1256 (sic
132 1172 155 1254 l)
177 1177 237 1253 est,
260 1168 347 1253 quod
361 1169 499 1234 Romani
520 1170 647 1256 imperii
668 1168 897 1254 monarchiam,
917 1171 1061 1237 locorum
1083 1173 1167 1238 salu-

61 1273 224 1356 britatem,
247 1272 308 1336 celi
329 1273 536 1357 temperiem“
561 1320 638 1338 .....
664 1273 862 1357 „vulturibus
884 1275 1023 1340 similes“
1038 1278 1104 1360 ¹⁷⁰).
1124 1314 1164 1324 -

61 1377 116 1442 fol
139 1379 212 1445 22¹:
252 1374 335 1458 „His
363 1375 463 1462 igitur
483 1376 592 1441 taliter
613 1376 772 1459 decursio,
796 1375 838 1441 ad
859 1377 1011 1444 maiorem
1035 1378 1165 1445 demon-

62 1482 249 1547 strationem
280 1479 476 1566 singnlarum
511 1480 622 1546 mundi
657 1481 809 1566 partium,
831 1480 947 1546 itinera
974 1481 1163 1549 describam.

61 1582 143 1649 INO
158 1633 165 1648 .
182 1582 500 1648 ITINRRARIVM
516 1633 524 1648 .
540 1581 743 1649 ANTONII
758 1631 765 1647 .
782 1581 1002 1651 AVGVSTI.
1058 1586 1165 1668 „Pro-

61 1689 164 1753 vintia
185 1687 299 1753 Africa
321 1711 341 1752 a
362 1685 461 1774 Tingi
483 1736 559 1752 .....
588 1687 628 1752 de
650 1687 793 1771 Yspanis
815 1709 835 1752 a
857 1687 989 1754 Bellone
1011 1689 1164 1755 traiectus

60 1793 95 1856 in
117 1791 216 1876 Tingi
230 1789 450 1855 Mauritimam
473 1792 562 1874 (sicl)
586 1789 692 1856 stadia
707 1787 947 1874 OG.XX.¹⁷¹)
962 1829 1002 1838 -—
1016 1790 1163 1876 Sequun-
1236 1839 1237 1842 κ

60 1904 115 1960 tur
138 1892 252 1957 deinde
275 1892 369 1956 haec:
401 1892 587 1974 „Provintia
616 1891 769 1957 dividitur
796 1894 831 1956 in
857 1894 1014 1980 regiones,
1059 1894 1162 1982 Regio

61 2000 96 2062 in
117 2018 261 2083 regnum.
306 1993 455 2082 Regnum
476 1995 510 2059 in
532 1995 644 2060 villas“
661 2042 754 2059 ......
779 1994 911 2081 „digitis
929 1997 1103 2062 extensis“.
1122 2037 1162 2046 —

61 2099 263 2186 Sequuntur:
288 2096 493 2180 „Divisiones
513 2106 694 2184 temporum
717 2106 791 2163 sunt
811 2097 930 2164 XIV.“
1065 2101 1170 2184 „xm

60 2212 224 2270 momenta
244 2202 357 2268 horam
378 2202 532 2268 faciunt“.
562 2241 604 2251 -
634 2203 718 2267 Tum
741 2203 886 2286 sequenti
907 2204 1052 2291 paginar.
1072 2204 1163 2288 „Du

61 2303 448 2375 OOSMOGRAPHIA.
508 2305 614 2371 Iulio
648 2303 797 2371 Cesare
831 2314 870 2370 et
902 2305 951 2371 M.
981 2309 1162 2374 Antonio

62 2433 160 2477 coss.
191 2411 320 2476 omnis
348 2410 458 2476 orbis
486 2418 730 2497 peragratas
760 2418 822 2475 est
849 2432 919 2494 per
942 2411 1163 2495 sapientise

62 2517 184 2581 simos
208 2523 246 2579 et
269 2514 423 2579 electos
443 2513 578 2578 viros.
598 2536 618 2577 a
639 2504 858 2579 Nicodoxo
881 2513 1034 2596 ori-ens,
1057 2513 1163 2578 aDi·

62 2619 167 2685 dimo
194 2616 405 2700 occidens,
434 2640 455 2680 a
483 2614 699 2682 Theodoto
729 2616 973 2702 septentrio,
1005 2638 1027 2680 a
1051 2616 1163 2682 Poli-

62 2725 165 2789 crito
187 2721 389 2787 meridies.
435 2721 469 2786 A
495 2720 708 2786 consulatu
737 2720 1041 2807 suprascripti“
1068 2770 1160 2787 ......

63 2827 277 2911 „demensa
305 2835 374 2892 est
414 2823 553 2891 Omnis
572 2824 689 2891 orbis
710 2817 833 2890 habet
855 2823 977 2889 maria
1000 2825 1058 2892 29.
1096 2824 1162 2890 In·

61 2931 198 2997 sulas“
306 2927 483 3012 „Omnes
509 2929 707 2994 civitates
730 2951 803 3012 que
826 2927 1049 2993 edificatae
1072 2938 1162 2994 sunt

60 3055 182 3117 super
208 3041 357 3097 terram
387 3042 476 3096 sunt
499 3034 636 3100 6227ss
682 3031 763 3095 Post
784 3030 865 3094 haec
887 3031 1030 3114 sequitur
1051 3031 1166 3096 folium'

59 3155 208 3199 vacuum.
231 3171 274 3181 ·—
299 3131 400 3216 „INC
416 3180 425 3197 .
441 3131 722 3200 DESCRIPTIO
738 3179 746 3195 .
763 3131 936 3196 TERRR.
955 3131 1140 3199 SANOTR
1152 3174 1170 3198 .-

59 3236 123 3304 ΕΤ
145 3284 153 3301 .
176 3234 293 3301 ΤΟΤ».
314 3235 500 3302 TRRRAE
516 3285 524 3300 .
540 3233 770 3301 PROMONT
786 3283 794 3298 .
809 3233 901 3299 PER
917 3283 924 3298 .
940 3235 1135 3302 PETRVM
1152 3287 1159 3302 .

59 3338 412 3408 CASSINENSEM“
427 3388 434 3404 .
450 3348 525 3426 post
548 3363 643 3425 quam
666 3340 696 3408 3.
713 3339 791 3405 folia
806 3361 910 3404 vacua
930 3351 1159 3406 remanserunt

60 3482 103 3497 -·
128 3442 236 3528 „INO
259 3493 267 3509 .
289 3443 459 3509 LIBER.
482 3441 716 3510 DIGNITAT
739 3493 747 3509 .
772 3441 943 3509 ROMAN
966 3462 984 3508 .·
1001 3444 1159 3511 ΙΜΡΕΒ.

61 3547 191 3633 „Habet
219 3595 331 3614 .......
362 3548 532 3614 trabarie“.
583 3546 711 3615 Deinde
738 3555 914 3632 sequuntur
940 3548 994 3613 fol.
1024 3558 1161 3633 quatuor

132 3754 198 3818 169)
218 3758 360 3819 Regionum
378 3764 462 3806 tamen
481 3757 616 3820 descriptio
635 3758 661 3806 in
673 3757 722 3807 hoc
734 3757 798 3805 libro
811 3757 906 3807 omissa
917 3765 967 3808 est:
986 3760 1099 3822 sequitur
1111 3767 1159 3809 sta·

58 3846 104 3894 tim
123 3845 180 3903 „De
199 3845 248 3893 situ
266 3849 292 3892 et
309 3844 446 3893 structione
464 3844 532 3892 urbis
551 3840 673 3892 Romae“.

131 3927 198 3992 170)
217 3931 288 3980 Haeo
312 3930 397 3978 omnia
418 3937 537 3994 excerpta
555 3937 613 3979 sunt
631 3943 663 3979 ex
682 3926 763 3979 Solini
780 3930 948 3994 polyhistore,
972 3931 1011 3980 ed.
1030 3930 1158 3994 Bipontin.

60 4015 123 4079 Cap.
135 4016 169 4078 11,
187 4013 208 4076 ξ.
222 4014 246 4064 2.
265 4031 320 4080 sqq.

131 4101 178 4151 171
221 4103 266 4152 cfr.
290 4104 448 4153 itinerarium
472 4101 596 4152 Antonini
621 4102 686 4151 edid.
712 4100 820 4166 Parthey
846 4111 871 4152 et
894 4103 987 4152 Pindcr
1016 4117 1073 4163 pag.
1099 4099 1159 4151 241.

57 4201 122 4236 vers.
141 4186 165 4236 ὅ.

937 4269 959 4332 4
