2752 4844
733 354 776 421 91

205 527 289 593 raria
318 528 445 616 egregie
472 527 682 612 promeritus,
719 529 753 592 in
782 525 937 613 opusculo
967 525 1108 591 nondum
1138 525 1226 592 edito
1238 529 1305 611 ²⁴⁰),

205 631 292 715 quod
320 655 402 696 anno
433 631 528 699 1133.
558 631 749 716 conscripsit
785 629 864 712 „De
891 629 1068 695 illustribus
1096 631 1305 717 scriptoribus

203 733 321 800 latinae
343 735 470 821 linguae
491 734 565 800 libri
587 734 740 801 XVIII.“
769 731 852 798 libro
878 740 1010 798 octavo:
1045 732 1231 818 „Adesset‚
1258 735 1305 800 in-

204 839 291 922 quit,
319 839 346 904 si
375 838 418 904 ad
440 836 565 906 Grecos
593 840 640 904 ire
662 838 822 925 placeretJ
848 835 1073 903 memorandus
1094 837 1148 902 hic
1169 837 1306 904 Ethicus

204 941 423 1028 philosophus,
446 951 542 1027 atque
564 942 627 1008 isto
650 941 684 1006 in
705 962 822 1028 genere
846 940 957 1022 (scilic.
980 939 1014 1004 in
1037 938 1304 1029 Cosmographia)

203 1051 316 1109 auctor
338 1045 485 1132 egregius
504 1094 512 1110 .
533 1045 618 1110 hunc
640 1043 784 1109 traduxit
804 1042 838 1105 in
859 1041 1014 1108 Latinum
1036 1066 1054 1108 1
1075 1043 1205 1110 Graeco
1226 1044 1305 1110 Hie-

202 1170 354 1235 ronymus
375 1148 575 1235 presbyter“.

292 1287 322 1354 9.
350 1286 535 1352 Marinus
549 1283 820 1366 Barletius²⁴¹)
843 1283 884 1351 de
898 1284 1014 1351 Turris
1036 1284 1117 1350 haec
1131 1308 1171 1351 ex
1185 1284 1304 1350 Ethico

202 1389 414 1476 deprompsit:
454 1391 601 1472 „Turcae
630 1397 703 1455 sunt
731 1388 786 1454 isti
814 1388 915 1473 servi,
944 1412 984 1454 ex
1007 1387 1139 1475 Scythis
1160 1389 1303 1477 fugitivis

202 1493 268 1577 qui,
290 1500 327 1557 ut
347 1493 464 1577 fertur,
489 1492 582 1558 sedes
603 1492 724 1580 patrias
746 1492 831 1558 ultra
852 1491 1015 1578 Riphaeos
1037 1500 1161 1558 montes
1183 1499 1217 1558 11
1238 1492 1303 1556 Ta-

201 1604 350 1662 racontas
372 1597 508 1680 insulas,
537 1596 634 1662 etiam
660 1595 817 1681 aquilonis
838 1596 938 1662 ubera
960 1596 1002 1661 ad
1024 1596 1302 1682 septentrionalem

201 1722 355 1765 oceanum
377 1698 548 1765 habuere“.
572 1707 633 1765 eto.
666 1699 722 1764 cfr.
738 1697 891 1764 Ethicum
913 1723 944 1786 p.
961 1701 1038 1784 172,
1061 1701 1092 1765 1.

291 1839 341 1906 10.
376 1837 512 1903 Lilius
528 1835 755 1925 Gregorius
773 1834 999 1925 Gyraldus,
1021 1837 1300 1919 Ferrariensis²⁴²l

199 1964 264 2007 non
285 1965 350 2007 uno
372 1949 495 2006 tantum
518 1941 590 2006 loco
611 1940 765 2005 Ethicum
786 1947 860 2006 ante
878 1941 989 2007 oculos
1005 1940 1127 2024 habuit,
1151 1941 1208 2005 cfr.
1224 1964 1256 2027 p.
1273 1942 1300 2006 1.

200 2048 230 2114 7.
254 2045 285 2113 8.
311 2049 363 2112 55.
387 2045 461 2114 208.
486 2046 560 2114 209.
585 2045 660 2111 211.
684 2045 759 2111 212.
776 2045 851 2111 225.
868 2045 943 2112 226.
960 2053 1110 2123 extrem.;
1133 2044 1208 2112 231.
1225 2045 1299 2112 233.
1360 2061 1362 2063 ’

199 2149 275 2217 235.
299 2149 373 2216 236.
393 2148 478 2228 init.;
503 2148 578 2217 238.
602 2148 678 2216 211.
702 2148 777 2214 271.
801 2148 877 2214 277.

290 2287 339 2352 11.
384 2286 558 2352 Ioannes
581 2284 627 2350 de
648 2284 773 2367 Hese,
804 2283 1019 2349 Traiectensis
1045 2282 1182 2350 dioeces.
1212 2307 1301 2372 pres-

197 2389 302 2477 byter,
324 2390 379 2475 qui
401 2412 484 2455 anno
510 2389 604 2457 1189.
643 2387 902 2474 Hierosolymam
923 2387 1072 2474 petierat,
1093 2387 1247 2454 Ethicum
1268 2388 1301 2453 in

199 2493 283 2559 libro
306 2517 364 2560 suo
385 2492 554 2559 Itinerario
577 2491 747 2578 exscripsit
758 2494 826 2574 ²⁴³).

268 2709 336 2774 210)
355 2712 402 2762 cfr.
413 2709 544 2773 Biografia
554 2709 622 2770 degli
634 2708 749 2758 Scrittori
760 2708 890 2759 Padovani
903 2708 928 2756 di
942 2706 1071 2771 Giuseppe
1080 2691 1192 2756 Vedcra.
1209 2705 1299 2758 2Voll.

196 2798 299 2847 Padova
318 2797 394 2847 1836.
413 2793 455 2845 8⁰.
474 2803 535 2859 tom.
547 2795 581 2843 II.
600 2810 620 2844 s.
633 2810 656 2843 v.
676 2793 875 2853 „Polentonus“.

266 2880 335 2945 211)
355 2884 412 2943 „De
430 2882 494 2941 rita,
516 2881 629 2929 moribus
653 2895 683 2928 ac
705 2880 781 2929 rebus
804 2880 939 2943 praecipue
960 2881 1079 2930 adversus
1097 2880 1193 2929 Turcas
1211 2882 1299 2942 gestis,

198 2967 302 3033 Georgii
320 2969 440 3018 Castricti
458 2967 590 3016 clarissimi
608 2967 770 3030 Epirotamm
786 2967 934 3032 principis“.
963 2967 1127 3031 Argentorati
1147 2964 1223 3015 1537.
1253 2967 1299 3015 sol.

196 3071 253 3119 pag.
268 3053 311 3103 18.

266 3136 334 3202 212)
352 3140 394 3189 Ι)1
411 3153 439 3188 rc
456 3138 558 3188 nautica
569 3138 679 3200 libellus,
697 3141 845 3191 admiranda
857 3143 967 3205 quadum
979 3148 1005 3191 11
1015 3141 1145 3190 recondita
1157 3140 1298 3189 eruditione

195 3228 311 3288 refertus,
328 3240 396 3275 nunc
413 3224 523 3288 primum
541 3231 567 3274 ct
582 3231 656 3274 natus
676 3232 701 3275 11
718 3228 825 3276 aeditus.
861 3228 978 3277 Basileaa
999 3223 1075 3275 1510.
1102 3221 1146 3273 8⁰.

265 3308 333 3371 213)
352 3312 497 3362 Itinerarius
513 3311 617 3362 Ioannis
635 3313 668 3361 da
685 3312 754 3362 Hesa
771 3313 920 3377 presbyteri,
941 3328 958 3360 a
974 3310 1135 3360 Hierusalem
1152 3308 1297 3357 describens

196 3398 374 3469 dispositiones
392 3404 527 3460 terrarum,
550 3398 700 3460 insanarum,
723 3399 847 3448 montium
868 3405 894 3446 11
911 3410 1034 3459 aquarum
1051 3428 1058 3441 .
1076 3408 1107 3441 ac
1125 3393 1201 3442 edam
1219 3408 1297 3454 quac-

195 3486 254 3533 dam
276 3483 401 3532 mirabilia
424 3490 449 3533 11
469 3484 582 3547 pericula
603 3499 649 3548 per
666 3485 778 3534 diversas
795 3489 881 3546 partes
899 3480 987 3529 mundi
1004 3479 1178 3541 contingentia
1194 3480 1297 3529 lucidis·

195 3571 258 3619 sime
277 3583 404 3618 enarrans.
430 3570 549 3633 Impress.
561 3570 699 3620 Darentric
716 3583 763 3632 per
779 3581 829 3626 me,
845 3567 967 3615 Iacobum
985 3565 1017 3614 dc
1034 3565 1127 3614 Breda.
1156 3565 1234 3617 Anno
1253 3569 1297 3616 dni

196 3653 273 3704 1501.
309 3657 339 3705 In
360 3656 474 3720 profesto
496 3656 668 3706 conversionis
685 3650 845 3702 Scti.·Panli.
868 3652 896 3700 in
913 3647 956 3700 11.
992 3651 1042 3701 Ubi
1060 3652 1116 3702 vide
1134 3659 1232 3702 tractat.
1249 3654 1296 3702 IV.

195 3741 314 3800 „Ioannis
332 3744 464 3806 presbiteri
481 3742 577 3792 maxmi
596 3735 670 3799 (sict)
686 3737 809 3786 Indorum
827 3744 853 3786 et
869 3739 1008 3801 Ethiopnm
1026 3737 1228 3789 Christianorum
1245 3739 1296 3787 Im·

194 3829 317 3890 peratoris
340 3836 366 3879 11
386 3829 541 3894 patriarche,
562 3821 678 3886 Epistola
700 3823 732 3871 ad
751 3822 917 3873 Emanuelem
934 3825 1017 3874 Roma
1034 3826 1241 3888 gubernatorem,
1265 3825 1296 3874 de

193 3913 243 3962 ritu
266 3921 291 3964 11
313 3916 426 3965 moribus
446 3912 568 3963 Indorum
590 3942 597 3956 .
621 3909 703 3971 daque
726 3909 780 3959 eius
803 3911 930 3972 potentia,
956 3911 1048 3961 divitiis
1071 3917 1098 3960 11
1120 3909 1295 3962 excellentia“.

193 4015 251 4064 pag.
264 3999 306 4050 20.
326 4007 389 4050 extr.
408 3996 451 4048 21.
471 3993 513 4044 35.
532 3991 574 4043 36.
587 4025 622 4033 -
635 4003 661 4044 11
677 4001 775 4045 tractat.
787 3995 826 4046 Vr
846 3997 995 4055 „Tractatus
1013 3997 1179 4062 pulcerrimus
1198 3998 1230 4046 de
1246 3998 1296 4046 situ

194 4093 219 4136 11
240 4084 405 4150 dispositione
427 4081 561 4145 regionum
583 4088 609 4130 et
630 4082 770 4132 insularum
791 4083 868 4133 totius
890 4084 970 4134 India.
1010 4083 1065 4134 Nec
1086 4099 1139 4134 non
1161 4083 1193 4132 de
1211 4097 1296 4132 rerum

192 4171 345 4222 mirabilium
361 4184 392 4220 ac
410 4169 524 4234 gentium
541 4166 710 4220 diversitata“.
736 4182 795 4233 pag.
809 4166 851 4219 37.
